2934 4892
768 344 807 411 12

285 543 409 611 cantes,
440 527 547 595 laudes
571 543 682 594 contra
708 529 901 595 carminibus
920 531 1129 620 compositas,
1150 534 1186 599 in
1202 556 1276 602 me-

283 681 388 732 rentes
413 665 599 747 recitantes,
636 687 752 752 magno
777 663 891 751 gloriae
919 667 1146 734 ethonestatis
1171 668 1279 737 studio

280 801 411 885 juvenes
435 801 662 868 incendebant.
706 802 806 889 Cujus
823 804 910 870 enim
928 803 1083 871 celebrata
1098 806 1199 874 virtus
1216 809 1274 873 lu-

281 953 372 1022 erat,
404 952 437 1006 et
461 938 520 1029 qui
545 937 630 1004 inter
655 937 792 1023 virgines
815 937 994 1005 habebatur
1021 941 1145 1024 clarus,
1178 940 1277 1007 elatus

280 1073 341 1139 illis
357 1071 506 1139 laudibus
522 1072 648 1141 abibat:
668 1064 853 1140 facetiarum
869 1096 946 1141 vero
960 1074 1059 1142 aculei
1072 1090 1105 1141 et
1117 1072 1274 1142 dicterio-

278 1230 354 1275 rum
368 1208 470 1276 nihilo
484 1208 571 1275 seriis
588 1208 842 1294 castigationibus
857 1224 948 1275 erant
966 1210 1162 1293 obtusiores,
1185 1233 1272 1302 quo-

277 1347 365 1412 niam
380 1344 567 1436 spectaculis
583 1316 643 1419 ibis
661 1366 737 1411 cum
753 1345 851 1412 ceteri
867 1346 966 1429 cives,
989 1360 1060 1413 tum
1076 1353 1162 1435 reges
1185 1371 1272 1439 qno-

224 1526 227 1531 ·
281 1504 345 1573 que
375 1495 409 1548 et
433 1494 592 1548 senatores
614 1480 765 1547 interesse
788 1482 942 1548 solebant.
1003 1479 1147 1548 Nuditati
1169 1498 1275 1551 auteur

219 1630 226 1637 “
278 1617 439 1703 virginum
455 1614 538 1682 nihil
553 1617 656 1682 inerat
672 1612 839 1699 obseaeni,
857 1616 1009 1709 quoniam
1025 1617 1128 1684 rubor
1144 1616 1272 1703 aderat,

278 1753 453 1847 abeuntque
466 1749 590 1837 libid0;
612 1753 678 1819 imo
696 1774 824 1819 morum
841 1751 1030 1819 conciliabat
1038 1754 1274 1845 simplicitatem

278 1905 310 1956 et
326 1890 470 1958 studium
486 1890 565 1957 boni
583 1889 729 1974 habitus,
756 1904 788 1957 et
804 1891 936 1956 omnino
953 1891 1054 1958 nobili
1070 1890 1275 1957 aemulatione

277 2026 424 2093 mulieres
442 2023 657 2109 incendebat,
691 2026 781 2117 qnod
799 2048 859 2091 neo
876 2027 961 2116 ipsae
978 2027 1133 2092 societatis
1148 2026 1274 2094 virtutis

276 2180 374 2255 atque
390 2163 506 2250 gloriae
522 2175 614 2228 erant
631 2178 787 2252 expertes.
818 2159 914 2229 Unde
930 2176 963 2228 et
976 2160 1083 2228 dicere
1097 2176 1132 2229 et
1147 2161 1273 2248 gloriari

275 2322 345 2368 non
370 2296 583 2383 dubitabant,
615 2321 699 2390 quae
721 2294 763 2364 de
780 2299 944 2398 Gorgone,
977 2296 1134 2406 Leonidae
1148 2322 1270 2382 uxore,

274 2436 372 2503 literis
388 2433 518 2528 prodita
535 2451 631 2520 sunt,
653 2436 706 2500 eui
724 2458 800 2502 cum
814 2435 929 2501 mulier
947 2436 1113 2526 peregrina
1132 2434 1270 2503 diceret:

276 2596 298 2638 »
319 2572 408 2640 Solae
444 2593 499 2639 vos
535 2571 692 2639 Lacaenae
719 2570 894 2660 imperium
924 2571 960 2635 in
989 2571 1072 2637 viros
1102 2570 1224 2638 habetis
1234 2577 1272 2654 ,’'

276 2722 436 2798 »nempe
452 2706 555 2790 solae,
577 2707 709 2797 inquit,
728 2707 869 2799 parimus
887 2707 995 2772 viros’'
1013 2708 1074 2795 (l)
1183 2671 1186 2681 Ι

301 2843 437 2935 Nuptiae
446 2866 571 2909 summo
579 2843 666 2935 apud
673 2865 725 2909 eos
736 2842 936 2912 habebantur
946 2843 1035 2909 loco:
1054 2844 1273 2937 unumquem-

274 3004 338 3075 que
354 2980 441 3046 enim
455 3001 588 3045 uxorem
604 2974 721 3045 ducere
738 2979 831 3064 jussit
847 2979 1032 3071 Lycurgus,
1055 2981 1145 3071 quod
1161 3002 1199 3046 ex
1219 3002 1272 3047 ve·

273 3117 332 3183 teri
355 3117 502 3182 instituto
527 3137 586 3206 per
613 3129 744 3205 raptum
771 3114 880 3180 fiebat.
901 3114 954 3180 Illi
971 3137 1049 3181 vero
1066 3115 1124 3206 qui
1141 3118 1269 3207 nuptias

272 3274 340 3319 non
354 3253 518 3332 iniissent,
535 3276 552 3315 a
570 3245 812 3339 gymnopaediis
828 3248 1038 3332 arcebantur,
1058 3250 1270 3318 amulieribus

274 3388 469 3481 quibusdam
493 3386 579 3452 festis
607 3386 791 3452 solennibus
816 3388 940 3452 circum
965 3410 1051 3451 aram
1070 3387 1163 3450 tracti
1181 3387 1269 3451 cola-

272 3525 346 3616 'phis
364 3521 597 3605 caedebantur,
615 3537 648 3587 et
665 3521 770 3587 hieme
785 3545 845 3611 per
862 3518 970 3587 forum
985 3521 1084 3586 coacti
1102 3522 1272 3588 circumire

273 3658 356 3726 nudi
369 3676 466 3749 atque
482 3659 623 3724 carmina
638 3656 745 3724 odiose
761 3658 798 3723 in
814 3680 846 3723 se
860 3659 944 3748 ipsos
960 3678 1089 3739 canere,
1107 3669 1269 3748 tamquam

274 3793 331 3888 qui
347 3795 418 3880 jure
433 3792 675 3886 plectebantur,
698 3817 758 3885 per
776 3792 933 3883 reliquam
950 3791 1048 3858 vitam
1062 3796 1168 3883 ἀτιμίᾳ
1184 3814 1268 3883 qua-

266 3970 556 3987 m

311 4067 452 4143 lllPlut.
473 4069 606 4146 Lycurg,
623 4070 667 4130 lla.
686 4070 822 4146 Ιεηορὶι.
841 4070 877 4128 de
897 4071 968 4147 Rep.
988 4069 1094 4128 Laced.
1110 4067 1176 4126 init.
