2934 4892
731 334 773 397 88

249 572 363 619 eorum
388 548 452 613 vita
475 543 622 612 efficiunt
648 557 829 625 momentu,
861 544 1017 635 equibus
1037 559 1121 611 totus
1137 564 1249 614 eorum

250 686 356 756 cultus
381 684 447 769 jam
468 680 510 748 ab
523 678 753 770 antiquissimis
775 676 853 744 inde
872 681 1071 770 temporibus
1088 680 1251 749 liberrime

250 845 318 889 sese
341 819 507 912 explicuit.
559 818 704 902 Quorum
728 816 875 884 omnium
900 839 976 885 enm
1000 817 1138 885 feminae
1151 834 1256 885 essent

78 942 85 958 ⁸
192 1023 194 1028 ,
255 972 424 1048 expertes,
455 955 521 1040 jam
540 951 594 1021 rel
608 949 693 1021 han'c
709 952 754 1018 ob
771 974 896 1019 eausam
908 954 1015 1034 minor
1029 954 1068 1020 iis
1084 977 1184 1047 quam
1199 955 1254 1022 vi.

257 1095 322 1176 ris,
351 1105 466 1182 utpote
478 1088 606 1158 civibus
622 1084 666 1155 de
682 1089 785 1179 patric
803 1088 1047 1173 benemeritis,
1074 1090 1180 1157 honor
1193 1085 1256 1155 ha-

259 1229 331 1295 beri
354 1223 492 1294 debuits
523 1224 560 1290 id
579 1224 673 1290 ‘enim
696 1224 788 1315 quod
805 1246 882 1313 prae
900 1225 1010 1291 ceteris
1025 1224 1180 1316 pulcrum
1192 1224 1259 1292 bo-

260 1384 407 1454 numque
432 1374 532 1442 esset,
560 1359 740 1427 secundnm
767 1381 880 1427 eorum
896 1359 1063 1450 opiniones
1077 1359 1113 1425 in
1129 1358 1261 1425 feminas

261 1521 331 1568 non
364 1495 519 1578 cadebat;
561 1494 828 1585 quamobcansam
858 1492 1050 1561 Plutarchus
1074 1495 1110 1561 in
1133 1493 1262 1576 libello,

264 1656 333 1725 quo
356 1631 398 1699 de
425 1630 599 1697 mulierum
623 1630 687 1715 egit
712 1630 886 1698 virtutibus
902 1653 1077 1724 earumque
1094 1643 1262 1720 praestan·

263 1769 342 1833 tiam
366 1760 538 1832 defendere
555 1777 708 1847 conatur,
743 1763 839 1830 unice
856 1766 923 1831 lere
940 1764 1013 1834 talia
1028 1766 1156 1833 virtutis
1173 1788 1261 1831 enu-

263 1918 365 1975 merat
378 1901 544 1992 exempla,
561 1902 619 1968 nbi
634 1898 770 1968 feminae
787 1902 873 1969 bene
892 1899 934 1968 de
944 1903 1263 1994 putrinmernerunt,

216 2017 218 2022 ¹
264 2055 299 2104 et
321 2036 412 2104 virile
437 2036 649 2103 ostenderunt
665 2029 763 2104 animi
779 2037 889 2106 robur.
935 2039 976 2104 ln
991 2037 1113 2125 legibus
1134 2060 1268 2130 quoque

266 2172 391 2241 Solonis
407 2170 556 2238 universe
573 2171 637 2237 hoc
653 2169 839 2239 dominatur
846 2172 1065 2264 principium,
1084 2189 1122 2238 ut
1130 2196 1271 2267 eousque

265 2323 394 2375 tentum
417 2306 609 2375 feminarum
632 2307 787 2375 habeatnr
803 2311 904 2392 ratio,
936 2323 1171 2401 quatenusper
1185 2310 1271 2376 viros

267 2465 346 2510 eum
370 2443 495 2510 civitate
521 2443 693 2509 cohaerent
721 2459 755 2511 et
781 2445 832 2512 vel
856 2443 995 2531 legitima
1011 2443 1165 2536 pariendo
1179 2445 1272 2535 prole

269 2580 391 2646 civitati
417 2591 574 2670 prosunt,
604 2579 655 2646 vel
685 2594 797 2647 contre
823 2579 1055 2660 incontinentia
1077 2581 1273 2674 reipublicae

269 2716 547 2807 virisquenooere
563 2731 713 2806 possunt.
736 2718 874 2784 Crebrae
892 2733 925 2785 et
933 2741 1057 2788 severae
1065 2718 1274 2810 indepoenae

269 2851 307 2918 in
317 2849 531 2933 adulterium,
554 2865 686 2942 raptum
701 2869 798 2945 atque
816 2876 946 2922 omnem
965 2879 1047 2947 quae
1064 2854 1105 2921 ad
1122 2857 1206 2922 viros
1224 2857 1275 2923 vel

273 2986 434 3052 civitatem
459 2983 643 3073 pertinebat
672 2982 836 3068 ἀκοσμίαις
871 3007 984 3071 magna
1000 3001 1133 3075 patrum
1150 2986 1185 3051 in
1203 2986 1272 3052 fili-

204 3145 221 3222 ·“
271 3144 324 3205 as,
363 3120 502 3187 ftntmm
531 3119 569 3185 in
595 3141 717 3187 sorores
741 3134 898 3211 potestas,
938 3137 976 3186 ut
1002 3119 1081 3190 adeo
1106 3122 1277 3191 inhoneste

274 3277 309 3326 se
334 3237 477 3343 gerentes
495 3252 634 3321 vendere
651 3270 784 3344 possent
801 3269 863 3321 oet.
882 3253 922 3320 de
941 3255 1059 3346 quibus
1076 3256 1227 3324 omnibus
1242 3260 1279 3325 in

276 3388 374 3461 altera
398 3388 497 3475 hujus
518 3388 671 3478 opusculi
696 3402 787 3478 parte
805 3386 955 3478 pluribus
969 3387 1176 3458 oderimus·
1212 3391 1276 3458 Fe-

276 3524 384 3596 aninse
408 3545 471 3613 per
493 3520 609 3590 liberos
634 3520 768 3605 demum
784 3545 858 3588 oum
875 3524 996 3596 maritis
1009 3538 1042 3588 et
1058 3523 1184 3616 reliqua
1194 3527 1278 3593 civi-

277 3673 341 3727 tate
368 3657 535 3725 cohaerere
561 3656 844 3741 existimabantur,
877 3672 916 3723 ut
940 3656 991 3731 vel
1019 3681 1059 3726 ex
1084 3656 1208 3729 solenni
1224 3661 1278 3742 Ιο-η

278 3788 405 3884 quendi
420 3790 615 3860 Graecorum
630 3765 709 3872 usu,
727 3787 827 3864 παῖδες
841 3811 878 3854 rs
892 3773 1091 3871 retourne
1105 3793 1277 3880 patet(l);

271 3931 574 3960 Π--π--ι-ν·

314 4018 358 4090 (l)
377 4018 455 4084 Baro
481 4029 599 4082 tautum
629 4019 761 4091 γυναῖκες
779 4013 829 4076 nal
851 4011 948 4087 παῖδες
969 4019 1016 4077 rel
1034 4011 1124 4077 τέκνα
1142 4018 1281 4078 oeenrrit.

276 4113 345 4180 tit.
373 4119 506 4198 exempla
534 4120 614 4198 apud
634 4120 861 4188 Wactsmost,
888 4112 1004 4184 lt'ellea.
1025 4119 1152 4185 tlt-eru.
1172 4116 1203 4180 ll
1217 4121 1233 4182 ,’
1245 4118 1285 4176 t,
