2934 4892
455 313 465 342 l

656 337 694 405 41

176 509 240 597 sub
256 525 323 596 dio
347 531 567 616 jumentorum
583 524 683 589 instar
700 522 848 589 homines
864 523 996 608 vivunt,
1026 523 1083 593 sad
1101 540 1175 594 teca

175 668 221 732 -tis
244 665 363 732 scilicet
388 658 543 746 indigent.
587 657 802 742 Quamobrem
827 680 954 726 neccsse
979 674 1027 727 est
1041 659 1086 745 ii,
1115 664 1175 755 qui

96 825 98 831 ·
177 800 333 891 consequi
355 797 470 865 volunt
495 795 587 888 quod
613 794 674 861 sub
700 797 827 861 tectum'
842 795 1040 887 importent,
1070 797 1174 866 habe·
1259 831 1263 849 ι

181 947 244 1001 ant
263 935 403 1026 aliquos,
435 934 493 1025 qui
520 952 630 1023 operas
655 930 821 999 obeundas
842 931 902 997 sub
919 932 976 1000 dio
990 933 1176 1025 suscipiant.

80 1089 81 1094 ’
180 1070 262 1137 Nam
284 1085 317 1137 ct
333 1091 482 1136 arvorum
500 1065 663 1135 renovatio
675 1075 712 1131 'et
731 1066 891 1135 seminum
906 1067 1029 1158 sparsio
1043 1083 1078 1135 ct
1091 1092 1178 1137 con-

181 1206 256 1273 sitio
270 1220 303 1275 ct
318 1200 471 1298 pascendi
488 1226 586 1297 opera
602 1199 762 1287 ejusmodi
778 1217 874 1281 aunt,
897 1226 980 1295 quae
996 1204 1102 1273 omnia
1116 1204 1180 1272 sub

182 1337 238 1407 dio
273 1357 449 1408 curcmura
489 1362 529 1406 ex
563 1337 602 1404 iis
636 1358 715 1405 vcro
741 1337 914 1403 necessaria
940 1343 1200 1431 comparantur.⁴

181 1476 372 1568 Requiritur
387 1492 512 1559 autem,
541 1483 752 1565 posteaquam
766 1474 845 1542 haec
860 1475 946 1542 intra
960 1489 1085 1545 tectum
1096 1474 1182 1545 illata

182 1626 277 1695 sunt,
300 1615 370 1699 ejus
387 1613 482 1679 etiam
498 1634 612 1701 opera,
632 1611 692 1701 qui
707 1608 787 1675 haec
804 1603 907 1678 servet
920 1625 954 1677 et
971 1610 1029 1703 qui
1042 1632 1079 1680 ea
1095 1633 1181 1680 con·

185 1748 274 1814 ficiat
307 1770 423 1852 onera,
465 1770 547 1838 quae
573 1747 704 1815 nonnisi
728 1746 790 1812 sub
819 1748 910 1815 tectis
937 1747 1009 1819 fieri
1033 1763 1189 1842 possunt

184 1884 333 1976 Requirit
358 1905 434 1952 vero
456 1898 540 1949 tecta
552 1883 729 1949 liberorum
745 1905 855 1949 recens
872 1887 1021 1951 natorum
1036 1884 1185 1953 educatio
1289 1915 1294 1920 ·

126 2024 128 2031 ’
186 2019 339 2109 puerilis,
366 2033 400 2085 et
426 2017 490 2085 cibi
514 2041 555 2085 ex
578 2017 663 2084 illata
677 2032 781 2105 segete
796 2018 956 2086 confectio
970 2033 1050 2086 tecta
1067 2021 1185 2112 acqui..
1297 2097 1299 2108 Α

185 2143 248 2239 rit,
270 2176 308 2220 ac
322 2153 468 2223 similiter
483 2154 579 2221 etiam
595 2156 689 2220 vestis
707 2177 748 2219 ex
763 2153 843 2220 lanis
854 2154 1044 2240 elaboratioa
1063 2172 1186 2251 etquo-
1240 2227 1242 2232 ,

186 2292 274 2370 ariam
296 2290 376 2358 hacc
394 2306 529 2384 utraque
548 2309 618 2358 turn
636 2291 787 2361 interiora
803 2307 875 2358 tum
891 2307 1041 2377 externa,
1062 2290 1187 2370 labores

186 2444 221 2494 ct
239 2450 348 2496 carram
364 2428 425 2495 sibi
441 2429 594 2515 erigunt,
617 2427 736 2495 iccirco
752 2428 837 2495 licus
855 2452 988 2522 quoque
1002 2428 1109 2495 statim
1122 2454 1184 2497 na·

189 2578 297 2640 turam
319 2567 522 2657 praepararit
543 2563 833 2656 feminaequidem
848 2563 890 2631 ad
906 2589 1003 2657 opera
1015 2581 1049 2632 et
1061 2568 1113 2634 rc's
1128 2566 1185 2633 in·-

189 2700 318 2784 tcriorcs
344 2698 521 2784 curandas,
552 2701 615 2767 viri
638 2715 747 2767 autem
775 2699 817 2766 ad
842 2722 941 2792 opera
958 2715 992 2767 ct
1009 2700 1189 2769 curationes

189 2850 345 2902 externas.
390 2835 458 2902 Viri
481 2836 568 2901 enim
594 2858 713 2926 corpus
741 2851 774 2901 et
791 2838 936 2904 animum
952 2838 997 2903 ita
1015 2821 1193 2935 cornpar'aa⁸

188 2975 258 3057 vit,
288 2988 328 3039 ut
347 2971 444 3056 magis
462 2985 496 3036 et
511 2967 629 3055 frigora
644 2983 683 3037 ct.
695 2969 813 3036 calores
828 2986 862 3039 et
877 2970 990 3037 itinera
999 2986 1031 3039 ct
1047 2970 1187 3063 expedi-

188 3108 289 3176 tiones
315 3106 465 3176 rnilitaros
489 3104 622 3174 tolerare
645 3120 772 3196 posset,
808 3094 885 3199 'quo
909 3104 995 3173 facto
1021 3128 1119 3199 opera
1139 3106 1188 3175 illi

187 3235 527 3332 injungereteatcrna.
571 3240 698 3308 Mulieri
715 3264 812 3325 vero,
835 3242 911 3331 quia
926 3242 1034 3309 minus
1051 3239 1188 3308 adhaec

186 3383 321 3447 firmum
338 3402 456 3470 corpus
473 3404 491 3443 a
506 3392 620 3444 natura
635 3377 767 3464 largitus
781 3392 868 3459 erat,
895 3376 1015 3444 iccirco
1031 3375 1077 3443 iiii
1094 3398 1192 3469 opera

187 3516 518 3583 interiora'mandaase
535 3516 614 3583 mihi
635 3501 720 3580 Deus
734 3511 874 3582 ridetur.
918 3514 961 3581 Et
977 3514 1053 3605 quia
1068 3513 1188 3580 sciebat

190 3673 224 3716 se
249 3664 363 3715 natura
386 3649 542 3718 indidisse
554 3666 586 3717 ct
603 3650 768 3717 mandasse
786 3651 942 3734 icaunae,
971 3667 1010 3718 ut
1024 3673 1060 3717 ea
1076 3671 1188 3717 recens

175 3754 282 3852 'natos
320 3783 437 3851 liberos
462 3784 634 3870 educaret,
674 3785 793 3853 iccirco
819 3788 974 3872 majorem
991 3785 1095 3854 'etiarn
1115 3808 1189 3874 erga

189 3918 288 3988 modo
320 3935 410 3986 natos
440 3920 592 3987 infantes
612 3923 643 3987 ci
679 3944 777 4013 quam
803 3922 873 3988 viro
900 3920 1012 3987 tribuit
1035 3919 1189 3988 amorem}

188 4056 267 4143 Quia
283 4070 391 4137 autern
406 4054 497 4138 illata
506 4057 710 4128 custodiendi
730 4073 842 4127 curam
854 4053 1017 4127 mandarit
1035 4055 1185 4138 feminae,
1274 4095 1277 4100 ·
