2934 4892
720 311 764 381 to

244 523 303 589 ego
327 512 443 569 cuncta
467 521 551 590 quae
573 487 643 564 mea
668 495 804 566 suntin
821 494 965 566 madium
981 496 1133 584 exhibeo,
1159 515 1249 572 sttui

246 623 461 733 quaecunque
495 632 638 701 attuleris
662 632 769 701 omnia
795 633 832 700 in
862 655 1031 703 commuue
1056 633 1243 726 deposuisti.

246 770 359 861 Neque
381 773 450 859 jam
474 771 544 857 ejus
565 765 713 835 habenda
729 780 778 833 est
794 767 900 853 rado,
927 782 1001 836 utar
1013 782 1162 848 nostrum
1176 793 1246 840 nu-

248 929 339 988 mero
353 875 451 997 plura
464 903 656 988 contulerit,
672 899 729 969 sed
743 901 984 991 sciendumest,
1001 928 1077 976 euin
1092 908 1253 995 resmajo·

249 1041 296 1110 sis
322 1041 468 1110 consciae
484 1040 603 1134 pretii,
624 1040 684 1132 qui
698 1060 732 1109 sc
746 1040 808 1108 hac
824 1039 1029 1138 insocietatc
1040 1041 1159 1110 sectius
1175 1063 1249 1129 gos-

250 1177 338 1276 secit.
360 1215 381 1233 ι·
401 1171 458 1245 Ad
482 1198 565 1270 quae
579 1197 682 1244 uxore
706 1176 744 1242 in
759 1196 902 1268 quonam
917 1197 976 1265 ego
989 1175 1050 1246 tihi
1064 1173 1254 1266 adjumento

250 1334 318 1386 asse
343 1311 491 1403 possim?
521 1334 603 1405 quac
629 1332 697 1390 mea
713 1325 761 1377 est
777 1308 938 1390 facultas?
967 1311 1004 1380 iu
1021 1325 1054 1378 to
1069 1311 1176 1380 omnia
1193 1285 1252 1380 sita

253 1462 349 1517 sunta
384 1471 494 1517 meum
516 1470 584 1540 csse
606 1461 706 1514 mater
731 1447 855 1536 aiebat,
886 1462 926 1518 ut
951 1448 1036 1535 uugi
1050 1449 1122 1524 sim·
1164 1448 1250 1517 Pio-

252 1584 358 1670 fecto,
376 1584 501 1675 *inquit
527 1581 774 1668 Ischomachus,
804 1605 874 1656 mea
899 1605 1001 1668 uxor,
1032 1583 1096 1668 hoc
1112 1601 1253 1678 ⁴quoque

252 1742 363 1793 meum
386 1741 452 1790 esse
465 1717 593 1798 dicebat
608 1734 719 1813 petere.
752 1742 865 1790 verum
879 1717 965 1808 frugi
980 1718 1119 1790 hominis
1135 1739 1256 1788 munus

253 1819 322 1941 cst,
354 1819 421 1925 sive
439 1856 513 1948 quis
528 1856 579 1924 vir
595 1857 655 1940 sit,
677 1856 743 1924 sive
758 1851 893 1941 mulier,
913 1856 959 1926 iu
974 1878 1006 1924 sc
1021 1877 1148 1942 geruum
1169 1871 1208 1928 ut
1223 1870 1257 1926 et

252 1990 419 2065 facultates
453 2014 536 2082 quae
568 1987 704 2073 adsunt,
744 1991 870 2082 optimo
902 1992 967 2060 sint
988 1990 1082 2076 loco,
1122 2004 1156 2058 ot
1180 1990 1256 2079 aliae
1322 2075 1324 2084 y

254 2126 512 2228 qimmpluiimae
543 2126 686 2193 honestis
708 2126 868 2217 justisque
890 2122 1045 2196 accedant
1068 2125 1255 2200 rationibus.

255 2262 299 2332 Et
316 2259 475 2352 quidnam
490 2275 528 2334 tu
539 2258 652 2345 vides,
682 2260 793 2353 inquit
809 2283 912 2346 uxor,
935 2285 1001 2354 quo
1017 2262 1186 2338 efficiendo
1199 2285 1258 2351 ego

256 2413 368 2470 tecum
392 2411 535 2471 nostram
549 2395 685 2466 domum
700 2401 820 2484 augere
835 2398 984 2487 possim?
1028 2398 1157 2490 Eniteic
1171 2420 1256 2490 pio-

256 2531 363 2616 fecto‚
401 2529 578 2623 respondet
601 2529 675 2615 ille,
715 2546 754 2601 ut
776 2531 829 2612 iila
856 2556 954 2624 quani
973 2532 1095 2626 optime
1119 2534 1256 2620 efficias,

258 2691 342 2763 quae
357 2665 405 2738 dii
418 2667 479 2734 tihi
494 2667 699 2749 tribuerunt,
718 2679 757 2732 ut
773 2668 1108 2758 praestaicpossissct
1117 2637 1261 2763 quaelex

259 2803 461 2895 comprobat.
503 2804 550 2876 Ea
573 2825 651 2872 vero
675 2825 834 2896 quaenam
856 2807 964 2888 ειιιιῑῖ1
989 2819 1079 2895 rugat
1101 2830 1194 2890 uxoi.
1216 2845 1274 2876 -..

259 2940 334 3015 ileo
363 2935 497 3031 quidem
518 2936 667 3027 judicio,
698 2960 768 3005 non
782 2940 908 3013 minimi
924 2942 1096 3027 momenti,
1126 2942 1188 3012 nisi
1204 2962 1258 3013 et..

259 3076 323 3150 iam
337 3100 437 3166 apum
453 3076 506 3144 illa
522 3074 591 3148 dux
606 3076 643 3145 in
659 3076 774 3154 alveari
791 3069 918 3152 minimi
935 3080 1090 3152 momenti
1108 3081 1260 3171 operibus

132 3215 134 3220 ’
259 3211 388 3303 praesit.
430 3211 511 3277 Nam
526 3210 607 3282 mihi
622 3209 776 3282 videntur
791 3208 839 3288 dii
853 3213 990 3288 maxima
1008 3211 1262 3288 consideratione

217 3424 219 3428 s
260 3346 343 3421 illud
366 3347 569 3431 conjunxisse
595 3369 676 3436 par,
707 3344 797 3438 quod
823 3369 890 3419 mas
916 3363 950 3421 et
974 3346 1091 3427 famina
1106 3366 1261 3436 vocatur,

251 3477 302 3552 'ut
326 3483 368 3552 ad
392 3499 540 3556 mutuam
563 3484 746 3550 societatem
770 3481 951 3578 plurimum
974 3480 1037 3554 ‘silii
1054 3479 1261 3557 conduceiet.

195 3647 196 3652 ¹
262 3619 410 3694 Primum
428 3620 534 3699 enim,
566 3642 608 3685 ne
624 3617 835 3686 animantium
851 3594 967 3705 genera
982 3613 1177 3704 deficerent,
1202 3642 1263 3712 pei

263 3754 327 3829 hoc
353 3751 555 3842 conjunctim
578 3754 695 3822 liberos
720 3770 878 3846 pruciam.
928 3753 1051 3822 Deinde
1077 3754 1263 3823 hominibus

262 3886 449 3967 conceditur
475 3890 629 3976 facultas,
659 3907 698 3963 ut
724 3872 772 3959 ei
790 3894 850 3965 lias
876 3893 1106 3987 conjunctione
1132 3916 1185 3964 cos
1202 3893 1261 3984 qui

259 4049 346 4101 icncs
381 4027 483 4111 olant,
526 4052 710 4127 comuarare
736 4029 797 4098 sibi
821 4030 957 4128 possint.
1009 4031 1169 4104 Praeteiea
1194 4050 1264 4101 uon
