2934 4892
661 354 698 422 13

86 576 91 579 ’
204 565 279 632 dam
296 557 490 629 tenebantur
510 554 570 642 (1).
604 550 681 616 Erat
698 560 861 637 praeterea
878 541 1045 625 ὀψιγαμίου
1059 557 1092 610 et
1112 562 1201 612 κακο-

205 693 318 780 γαμίου
341 691 423 769 iiten:
463 688 523 755 bae
558 707 634 752 vero
658 682 794 748 maxime
828 679 1021 771 petebantur
1042 678 1110 762 illi,
1146 681 1204 770 qui

205 854 269 922 pro
293 829 387 899 bonis
412 840 445 893 et
460 823 613 904 utilibus,
628 818 758 886 «lines
771 817 884 915 ‚potius
901 788 1063 882 ducebant
1079 832 1203 882 uxorea.

206 965 359 1035 Similiter
384 962 477 1028 etiam
503 958 596 1050 proci
623 957 763 1021 filiarum
790 948 951 1042 Lysandri
967 951 1204 1044 puniebantur,

208 1124 304 1182 eum,
326 1111 490 1189 comperta
508 1094 569 1160 viri
586 1105 793 1184 paupertate,
814 1113 864 1155 eas
883 1088 1134 1179 relinquerent(
1156 1089 1183 1176 ).

250 1235 365 1304 Omnia
382 1256 458 1300 vero
475 1229 515 1295 ad
539 1228 697 1295 civitatem
716 1250 792 1291 eum
807 1224 939 1290 referret
957 1224 1143 1315 Lyeurgus,
1174 1234 1207 1285 et
1233 1319 1237 1327 ι

208 1371 363 1464 imprimis
390 1368 567 1434 liberorum
593 1377 751 1454 spectaret
767 1360 1039 1453 procreationem,
1066 1357 1207 1426 sterilem

211 1528 344 1571 uxorem
360 1498 549 1593 simpliciter
566 1498 743 1579 dimittere,
762 1513 801 1561 ut
813 1493 957 1577 videtur,
975 1493 1120 1586 permisit
1135 1495 1206 1583 (3),

209 1654 243 1706 et
271 1652 455 1729 praeterea,
484 1636 510 1699 si
536 1634 609 1725 quis
631 1631 749 1698 liberos
774 1655 813 1696 ex
831 1651 931 1696 uxore
946 1650 1002 1696 sua
1020 1650 1087 1696 non
1101 1643 1210 1717 posset

209 1793 398 1863 procreare,
427 1782 542 1834 mutuo
561 1788 719 1832 consensu
737 1765 837 1831 alium
852 1778 1066 1854 praestantem
1080 1762 1122 1829 ad
1139 1787 1209 1832 eam

210 1904 363 1973 inducere
390 1902 516 1982 virum,
548 1915 586 1965 ut
611 1901 654 1964 ita
670 1899 780 1990 pulcri
794 1913 827 1963 et
843 1896 940 1963 fortes
955 1898 1075 1989 patriae
1092 1874 1207 1964 nasce-

210 2054 322 2107 rentur
348 2037 443 2104 liberi
474 2035 533 2123 (1)
577 2032 670 2118 Quod
696 2047 803 2098 tamen
829 2032 1015 2098 institutum
1036 2032 1210 2124 quominus

212 2195 404 2265 magnopere
427 2170 557 2238 mutirae
578 2168 656 2235 fidei
673 2192 866 2261 morumque
883 2183 1013 2234 noceret
1029 2168 1208 2252 honestati,

214 2325 283 2377 turn
304 2308 430 2402 reliqua
446 2307 586 2397 Lycurgi
605 2304 711 2391 legum
729 2303 835 2369 effecit
849 2303 1014 2387 severitas,
1045 2319 1116 2369 tum
1130 2305 1211 2370 mira

118 2522 121 2528 ,
215 2470 298 2538 quae
323 2445 451 2512 dudum
476 2447 607 2534 Spartae
632 2441 776 2510 obtinuit
794 2463 923 2511 morum
940 2440 1124 2533 simpliciter
1143 2443 1210 2532 (ὃ),

253 2687 297 2762 (1)
319 2687 458 2747 Cleareta
478 2686 590 2745 Soleus.
610 2684 691 2763 apud
711 2684 828 2744 Athen.
837 2683 928 2749 XIII,
946 2683 975 2742 2.
986 2682 1075 2743 rost.
1083 2683 1154 2761 Lye.
1165 2682 1212 2746 15.

218 2785 262 2862 (2)
281 2785 369 2845 Ptut.
391 2786 536 2863 Lysandr.
554 2786 589 2843 in
606 2786 666 2843 fine
683 2785 770 2845 ritae.
790 2786 836 2843 Cf.
855 2785 981 2851 Martae,
1003 2784 1111 2861 Sparta
1128 2784 1159 2849 1,
1185 2785 1212 2844 l.

215 2906 246 2961 p.
268 2883 321 2943 1²10
340 2904 404 2960 sqq.
425 2885 468 2959 (3)
485 2884 602 2942 Herod.
620 2884 659 2949 V,
680 2883 727 2943 39.
746 2882 812 2949 tl.
836 2884 883 2942 61.
904 2882 948 2957 (4)
966 2883 1053 2943 Ptut.
1071 2883 1142 2959 Lye.
1165 2882 1212 2945 15.

216 2984 353 3058 Xenopt
374 2985 412 3041 do
434 2983 506 3059 Rep.
524 2983 696 3041 Laeedaem.
715 2981 749 3047 1,
768 2981 797 3040 7.
844 2982 888 3056 (5)
908 2981 1014 3040 Omnia
1030 2983 1091 3039 alia
1108 2982 1145 3040 V.
1167 2983 1213 3041 cl.

217 3103 246 3143 r.
270 3083 370 3142 Limt.
392 3082 554 3140 Brouwer.
577 3082 601 3142 1.
616 3081 639 3141 l.
656 3102 687 3159 p.
707 3081 770 3140 165:
790 3082 903 3138 »bussi
919 3080 1022 3138 faut-il
1037 3081 1167 3140 admirer
1183 3083 1216 3140 la

215 3182 389 3259 prevention
417 3181 468 3237 dee
496 3190 629 3246 auteurs,
658 3179 722 3254 qui,
748 3179 768 3236 ir
795 3179 950 3256 l'exemple
974 3179 1010 3237 do
1038 3179 1214 3256 Plutarque.

219 3283 304 3358 apres
321 3285 409 3338 e'etre
428 3280 551 3338 extasim
570 3299 622 3337 sur
638 3278 671 3338 la
687 3281 793 3339 beaute
810 3279 861 3337 dee
878 3278 1018 3337 maximas
1035 3278 1077 3337 du
1093 3279 1214 3355 le'gisla'-
1300 3338 1303 3353 ,

215 3390 282 3439 tenr
300 3379 451 3457 spartiate.
471 3380 614 3454 ajoutant.
632 3398 701 3438 aveo
719 3397 779 3436 uno
794 3380 910 3436 naivete
925 3397 963 3436 en
975 3379 1045 3436 effet
1057 3379 1214 3436 obarman-

216 3487 261 3546 π,
285 3496 355 3553 que,
381 3481 482 3557 graeei
507 3479 526 3536 'a
550 3498 594 3537 see
623 3479 737 3538 divinas
755 3478 826 3543 lois,
851 3496 891 3536 on
918 3478 1084 3536 n'entendit
1106 3478 1216 3552 jamais

218 3576 318 3654 parler
335 3578 408 3637 d’un
426 3578 559 3635 adultere
577 3578 596 3636 ‘a
613 3578 729 3655 Sparte.
761 3577 839 3634 G'est
854 3595 964 3634 eamme
981 3575 1035 3651 qui
1050 3576 1140 3636 diruit
1157 3597 1215 3653 quo

220 3675 294 3732 dans
322 3694 380 3731 une
404 3677 502 3734 bande
527 3677 564 3734 de
589 3676 729 3753 brigande
747 3675 771 3732 il
790 3681 844 3752 n’y
859 3675 937 3735 evoit
952 3695 1006 3752 pes
1024 3694 1066 3734 nn
1082 3676 1145 3734 seul
1164 3697 1215 3735 ro·

217 3773 315 3832 leur.''
332 3774 377 3831 cf.
391 3785 508 3850 praeter
519 3783 609 3833 auoit.
622 3775 667 3833 ibi
678 3774 782 3833 laudd.
796 3775 923 3840 Moneo,
944 3773 1052 3851 Sparta
1064 3774 1095 3840 1,
1110 3774 1136 3833 1.
1152 3767 1215 3835 lat.

220 3873 332 3949 Quibus
354 3872 475 3931 minimo
497 3875 664 3936 adsentior:
690 3875 821 3951 primum
838 3874 935 3939 enim,
961 3874 1118 3949 quominus
1133 3894 1216 3952 mag·
1287 3926 1289 3929 .

220 3992 328 4050 nopere
345 3972 401 4030 bae
418 3970 547 4050 Lycurgi
564 3974 628 4051 lege
644 3976 853 4039 abuterentur,
869 3974 939 4032 feeit
954 3976 1075 4033 mutuus
1094 3980 1216 4035 consen-

219 4088 269 4130 aus
294 4070 347 4148 qui
372 4070 428 4129 bae
452 4069 486 4128 in
514 4089 546 4131 re
575 4070 692 4129 disertis
717 4070 814 4130 verbis
839 4072 1028 4148 exigebatur,
1058 4073 1151 4134 κεῖσαι
1165 4072 1216 4134 τὸν
