2934 4892
184 577 306 672 quibus
337 572 504 643 manifesto
528 587 636 667 patet,
677 573 762 641 benc
789 572 1013 641 inductionem
1038 576 1105 644 sire
1128 576 1188 644 in-'

185 711 395 804 scriptionem
419 710 542 778 solenni
565 731 730 776 sacrorum
756 709 823 775 ritu
852 710 901 798 (l)
922 708 1100 777 secundum
1118 734 1184 803 pe.

185 846 318 914 saliares
341 844 538 932 siugulauum
561 842 779 935 phratriarum
806 841 888 928 leges
916 843 965 932 (2)
991 843 1099 913 locum
1119 843 1183 911 ha.

184 966 315 1064 buisse,
341 1001 411 1046 non
428 978 533 1046 solum
546 1000 624 1044 cum
642 977 716 1069 quia
733 998 868 1045 uxorem
884 973 1041 1062 duxerat,
1057 976 1185 1047 'verum

183 1116 281 1184 otiam
299 1138 376 1183 cum
391 1115 456 1208 ipsi
475 1112 560 1179 liliae
575 1128 669 1181 natae
684 1127 777 1179 erant
792 1136 833 1178 ex
847 1114 944 1201 justia
961 1115 1085 1204 nuptiis
1098 1137 1182 1206 pro·
1206 1110 1214 1115 ”

184 1263 327 1336 ercam,
359 1251 444 1317 sicut
471 1248 553 1315 natis
580 1247 656 1316 filiis
671 1246 837 1335 legitimis,
867 1263 963 1341 atque
978 1248 1014 1315 in
1029 1247 1181 1341 adoptio·
1261 1262 1265 1268 ’
1345 1244 1348 1251 ‘

183 1385 282 1456 nibus
299 1387 381 1455 luris
398 1385 512 1456 Attici.

226 1520 371 1589 Dubium
393 1538 462 1605 est,
494 1546 593 1615 quam
618 1523 885 1612 conjunctionem
908 1521 946 1588 in
971 1519 1184 1589 celebratione

184 1657 375 1748 nuptiarum
410 1681 487 1749 cum
521 1654 709 1726 inductione
744 1659 780 1723 in
822 1657 981 1749 phratrias
1011 1654 1184 1724 habuerint

127 1822 129 1829 ‘
189 1793 401 1877 Θεσμοφόρια,
431 1815 669 1884 nonnunquam
688 1791 783 1858 simul
799 1813 875 1858 curn
887 1789 941 1858 illa
957 1786 1047 1879 apud
1063 1789 1183 1858 oraro·

184 1940 235 1987 res
258 1923 421 1991 nominata
438 1922 507 2010 (3),
532 1943 613 2013 qnae
630 1940 717 1986 sacra
733 1919 808 1986 alies
831 1920 975 2003 dulcium
992 1919 1179 2008 agebantur.

183 2056 422 2126 Forusse'hcec
437 2079 486 2121 res
503 2053 694 2146 explicanda
705 2069 753 2120 est
768 2077 807 2120 ex
824 2055 1059 2122 necessitudine
1074 2055 1179 2148 phra-

184 2180 319 2262 triarurn
338 2217 415 2262 cum
429 2193 597 2279 gentibus,
619 2191 819 2281 exquibus,
842 2204 880 2255 ut
895 2188 1057 2275 diximus,
1078 2188 1178 2279 elige-

184 2329 304 2396 bantur
317 2328 441 2417 saepius
458 2327 504 2409 ii,
528 2326 589 2416 qui
604 2323 700 2390 sacris
716 2324 753 2389 in
769 2329 867 2407 δήμοις
881 2318 1077 2390 celebrandis
1088 2347 1181 2415 prae-

181 2481 309 2548 essent,
337 2461 484 2555 adeoque
507 2459 653 2528 feminac.
697 2460 849 2526 Ceterum
863 2456 995 2525 feminas
1011 2460 1107 2526 etiarn
1121 2459 1179 2526 in-

183 2612 233 2665 ter
261 2603 402 2686 γεννητοῖς
428 2595 554 2664 solenni
579 2595 646 2667 ritu
663 2616 729 2662 esse
747 2592 878 2680 relatas,
907 2591 1181 2667 verosimillimum

220 2827 265 2904 (Ι)
283 2825 384 2888 tticum
409 2825 490 2893 huuc
516 2826 629 2886 iudicet
653 2826 686 2885 id
703 2824 785 2903 quod
800 2824 954 2886 dicebatur
975 2820 1109 2901 yoeuniiu
1122 2822 1190 2895 τοῖς.

182 2915 340 3000 Φράτορσιν
365 2921 552 2996 theutrum,
580 2941 641 2999 qua
667 2923 704 2981 de
722 2942 756 2982 ro
770 2933 871 2982 tamen
888 2908 1085 3001 discrepantes
1101 2925 1181 2986 inter

111 3034 113 3039 ’
182 3040 214 3082 ao
238 3020 361 3081 notitiae
384 3020 469 3080 nobis
484 3021 618 3100 proditae
634 3030 714 3080 sunt.
738 3023 785 3082 Οἱ.
805 3023 949 3089 Phetuer.
974 3041 1006 3100 p.
1026 3023 1094 3089 147,
1115 3022 1180 3084 152.

181 3139 247 3197 sqq.
272 3117 344 3188 205.
369 3127 399 3179 et
412 3120 561 3198 imprimis
579 3120 705 3188 Iouem,
733 3122 771 3180 de
788 3122 890 3182 hored.
908 3121 1009 3181 (lirun
1025 3142 1057 3200 p.
1075 3121 1130 3181 ml
1149 3130 1180 3183 er

180 3220 249 3289 noe,
266 3227 298 3279 et
313 3218 350 3278 de
367 3218 469 3278 hored.
486 3216 593 3296 Pyrrh.
611 3238 643 3296 p.
656 3218 702 3278 bd.
721 3216 767 3293 (2)
784 3213 870 3278 [ard
882 3213 949 3286 rutis
960 3214 1068 3286 irte'rum
1080 3217 1199 3296 νόμως.

182 3318 263 3401 apud
286 3318 413 3380 Isaeum
439 3336 471 3395 p.
495 3315 568 3385 207,
591 3318 631 3377 od
654 3336 744 3395 quern
763 3318 862 3378 locum
879 3319 1026 3379 Belalrim
1045 3322 1179 3383 notarite

182 3441 200 3476 u
209 3419 289 3479 ande
305 3417 472 3496 colligitur.
487 3434 549 3477 non
567 3418 705 3478 omnibus
718 3418 863 3496 phratriis
879 3419 995 3478 academ
1014 3420 1091 3479 ritus
1104 3420 1180 3480 fnis-

180 3537 213 3579 ω
229 3517 402 3596 nuptiarum
418 3514 677 3584 celebrandarum,
695 3519 747 3576 ced
766 3517 872 3594 cuique
888 3518 1056 3597 proprior.”
1070 3518 1114 3593 (3)
1133 3517 1178 3583 U·

181 3626 289 3695 troque
312 3617 379 3677 lcoo
403 3616 492 3676 Ieuer'
512 3636 602 3694 supra
618 3616 701 3676 laud.
739 3617 798 3677 Neo
814 3616 941 3676 multum
956 3618 1032 3676 lucis
1047 3617 1118 3677 huie
1135 3619 1180 3678 rei

179 3717 290 3778 afferre
306 3727 420 3795 poteret
436 3716 579 3786 Plutum
594 3738 626 3795 p.
634 3716 700 3778 205.
718 3718 757 3776 In
774 3718 978 3795 edoptatorurn
988 3717 1180 3794 inscriptione

180 3806 322 3888 baurim
339 3814 542 3881 nominentur,
561 3814 1056 3892 relutalioIaueilocoitidemjem
1066 3816 1178 3896 allega·
1273 3846 1278 3859 ·

182 3918 230 3978 to,
247 3910 284 3969 de
300 3912 438 3990 Apollod.
458 3912 559 3971 harad.
580 3933 612 3990 p.
626 3912 691 3979 168,
709 3923 798 3990 atqtu
817 3913 851 3972 in
868 3914 1059 3992 inscriptione
1076 3934 1181 3975 recens

180 4012 318 4066 natorum
344 4012 406 4065 taur
433 4025 596 4084 puerorum
624 4027 715 4085 quan
743 4006 912 4087 puellarum
939 4003 1106 4088 ἀπατούριι.
1134 4011 1180 4073 cl.
1246 4012 1250 4017 ’

181 4101 240 4169 bet
254 4101 291 4182 tle
308 4122 342 4169 re
359 4106 503 4186 rursm,
519 4126 550 4185 p.
572 4103 645 4179 lib,
665 4105 728 4169 149.
745 4124 811 4184 sqq.
829 4126 860 4187 p.
876 4106 942 4178 228.
1055 4138 1059 4145 ·
