2934 4892
668 360 805 434 ‚58

238 569 241 579 ¹
272 556 328 632 or,
344 566 426 639 quae
439 545 479 614 ab
493 546 611 637 ipsein
624 544 787 637 phratrias
795 548 1008 640 inscriptione
1016 549 1228 649 pendebant(
1233 562 1279 652 lli

273 681 337 752 lllo
364 695 471 754 autem
496 683 695 771 cognationis
717 684 795 771 jure
821 708 883 776 per
907 708 941 755 se
965 712 1072 781 neque
1096 694 1281 781 dummoc
1320 662 1322 665 ι

260 813 476 907 gaudebant,
505 816 570 886 nisi
592 814 739 911 adoptati
755 834 879 905 meent,
911 845 977 914 qua
991 824 1044 892 via
1058 829 1127 899 νόθοι
1144 850 1279 923 quoqne

272 952 310 1023 in
335 955 495 1048 phratrias
517 955 689 1047 pervenire
713 969 883 1050 poterant,
919 980 1084 1031 sacrorum
1100 965 1189 1051 ritu,
1218 968 1279 1058 qui

271 1089 309 1157 in
323 1090 494 1181 Thargeliis
509 1091 649 1165 maxime
664 1093 775 1161 locum
791 1093 942 1162 habuisse
957 1098 1088 1165 videtur
1105 1101 1167 1191 (2).
1197 1099 1276 1168 llu-

274 1226 393 1295 lierum
416 1226 566 1328 inductio
585 1229 621 1297 in
639 1229 800 1321 phratrias
816 1251 880 1322 per
893 1233 1026 1323 nuptias
1039 1230 1153 1303 itidem
1165 1257 1284 1307 sacrm

274 1385 350 1434 sum
375 1364 443 1431 ritu
466 1362 632 1449 obtinuit,
660 1361 707 1456 ad
719 1387 820 1457 quem
836 1364 908 1458 ipsa
924 1388 988 1435 vox
1004 1373 1140 1455 γαμηλία
1156 1385 1205 1438 est
1220 1395 1279 1440 re·

271 1497 427 1587 ferenda,
456 1500 563 1594 iisque
577 1501 691 1571 itidem
706 1500 791 1571 illud
807 1503 1004 1590 cognationis
1017 1504 1186 1576 vinculum
1201 1509 1278 1575 effiss

272 1634 437 1721 ciebatur,
469 1636 681 1729 quamobrem
703 1637 742 1705 id
755 1660 825 1706 non
839 1637 952 1731 inepte
969 1658 1046 1709 cum
1066 1602 1279 1721 conventione

272 1770 310 1838 in
326 1795 459 1842 manum
472 1774 615 1842 Romana
630 1795 693 1865 per
708 1771 996 1846 confarreationem
1012 1793 1282 1869 comparaverunt

270 1909 402 1978 llruditi
425 1909 488 2000 (3).
539 1910 695 1981 Ceterum
717 1912 936 1980 masculorum
962 1934 1003 1979 ex
1027 1914 1126 2001 justis
1152 1916 1280 2006 nuptiis

273 2050 428 2114 natorum
452 2044 600 2138 receptio
624 2046 661 2113 in
685 2047 845 2138 phratrias
872 2045 996 2139 duplex
1014 2048 1113 2115 fuisse
1128 2046 1280 2134 ridetur,

271 2195 468 2273 contraque
484 2202 561 2251 eum
576 2201 742 2250 sacrorum
757 2182 970 2252 celebratione
988 2185 1173 2271 conjuncta.
1217 2187 1280 2256 11,

272 2332 342 2387 tera
365 2338 479 2389 recens
504 2332 677 2404 natorum,
714 2320 813 2388 altera
837 2316 1023 2390 adultorum
1047 2344 1114 2389 esse
1136 2320 1280 2407 solebat,

271 2479 359 2549 quae
379 2455 417 2523 in
430 2456 598 2548 apaturiis
614 2455 724 2548 primo
740 2477 854 2527 eorum
870 2452 943 2542 die,
969 2467 1110 2544 κουριῶτις
1127 2456 1279 2549 appella-

312 2652 358 2727 (1)
377 2650 523 2717 rainer,
548 2668 581 2729 p.
611 2646 667 2708 113
694 2665 761 2722 sqq.
784 2656 815 2707 ct
841 2648 954 2707 Isaens
971 2648 1008 2707 de
1026 2649 1135 2727 Pyrrhi
1151 2649 1280 2711 heredit.
1328 2670 1331 2675 ·

272 2768 306 2829 p.
323 2751 378 2816 61,
392 2749 443 2825 762.
462 2748 532 2827 rag.
553 2748 625 2816 116.
642 2747 818 2808 Puteum
834 2749 921 2808 dicit:
942 2770 958 2804 ›>
971 2750 1070 2810 Sorirl
1090 2749 1278 2810 kinnenwir

273 2850 329 2919 ruit
348 2843 520 2907 Goarisshcit
537 2844 721 2910 annehrnen,
739 2843 807 2902 dass
825 2843 873 2903 dic
892 2837 961 2904 νόθοι
978 2845 1013 2901 in
1031 2844 1132 2902 soweit
1148 2865 1206 2905 ron
1222 2847 1282 2905 den

274 2940 514 3027 Biirgerrechten
535 2943 775 3021 achscblossrn
792 2963 913 3010 avaron,
939 2945 984 3002 uls
1001 2945 1043 3001 sie
1060 2964 1118 3004 ron
1136 2945 1190 3005 der
1207 2946 1282 3005 Ein-

273 3050 411 3125 fdlrrung
437 3045 471 3104 in
490 3045 539 3104 dic
557 3044 715 3103 Phratrien
732 3045 856 3122 abhing.
876 3046 922 3103 of.
941 3043 1031 3102 etium
1054 3045 1138 3103 Gans
1156 3066 1188 3123 p.
1207 3046 1280 3113 313,

272 3158 304 3208 et
321 3149 366 3207 ibi
382 3145 465 3206 laud.
484 3146 657 3206 Meursz'us.
691 3144 737 3221 (2)
758 3146 804 3205 cf.
827 3147 926 3212 Gens,
943 3165 974 3222 p.
994 3145 1066 3213 313,
1084 3145 1229 3211 Platon,
1246 3166 1279 3224 p.

275 3249 332 3309 128
357 3266 422 3324 sqq.
439 3267 471 3325 p.
489 3246 543 3314 98,
570 3267 602 3324 p.
622 3243 677 3305 118
702 3263 769 3321 sqq.
786 3266 819 3324 p.
838 3244 963 3304 131-133
981 3264 1063 3321 sqq.,
1090 3244 1144 3314 ,141
1165 3254 1194 3303 et
1214 3244 1279 3304 142.
1324 3318 1326 3323 s

272 3343 400 3402 Fiebant
426 3337 549 3414 quidem
569 3330 755 3413 dquosoiqros
771 3335 929 3416 participes
946 3330 1061 3397 scissus
1073 3330 1216 3409 sibriensis
1228 3336 1280 3398 aar

273 3426 373 3498 ὁσίων,
399 3432 445 3491 uti
471 3431 582 3490 dieitur
608 3430 643 3488 in
667 3431 733 3510 lega
751 3431 832 3509 apud
850 3430 1078 3493 Bernostbenem
1095 3440 1279 3501 memorata,

273 3529 331 3588 boc
357 3530 458 3587 tamen
485 3546 552 3585 cum
579 3523 681 3601 aliqua
707 3526 860 3594 cautione,
887 3544 986 3602 nequo
1008 3526 1045 3583 do
1063 3545 1098 3582 ea
1115 3521 1281 3606 oiyxrosslqo

272 3621 347 3700 ἱερῶν
367 3618 417 3683 καὶ
435 3618 515 3685 ὁσίων
540 3616 768 3694 intelligendum
794 3627 854 3685 est.
882 3619 919 3678 do
947 3638 1007 3696 qus
1033 3617 1120 3677 modo
1138 3620 1279 3683 diximus.

274 3722 324 3784 cf.
343 3722 552 3788 Scbdmannn,
581 3718 618 3777 dc
638 3718 786 3785 Comitiis,
814 3740 846 3797 p.
865 3719 920 3786 73.
943 3718 992 3777 81.
1012 3719 1057 3777 cf.
1078 3718 1167 3778 etiam
1186 3723 1281 3781 Plat-

273 3821 342 3890 ster,¹
367 3843 399 3901 p.
419 3819 490 3886 119,
521 3817 591 3885 150,
617 3817 674 3884 78,
699 3817 748 3878 73.
786 3817 831 3892 (3)
851 3818 897 3878 of.
916 3818 1062 3885 Ptztner,
1089 3830 1120 3897 p.
1141 3806 1196 3878 152
1214 3839 1280 3895 sqq.

273 3920 464 4002 cognationis
483 3920 539 3978 hoe
555 3918 707 3979 duculum
725 3920 764 3977 ab
782 3919 868 3977 initio
886 3918 984 3997 potius
1002 3920 1170 3995 sufflationis
1187 3919 1279 3978 fuisse

272 4016 391 4077 ridetur
409 4013 575 4076 Plotnero,
593 4009 751 4087 praecipue
769 4008 842 4084 quia
858 4007 950 4066 liberi
968 4027 1035 4067 cum
1054 4005 1132 4084 ἀστῇ
1143 4006 1284 4084 ἐγγυητὸ

272 4111 418 4196 procreati
429 4110 549 4174 nonnbi
565 4109 599 4171 in
614 4110 784 4188 phratrisrn
802 4106 896 4187 patris
910 4109 1189 4171 introducebantur
