2934 4892
711 397 754 463 37

218 564 336 646 aetnae
365 579 402 644 an
426 577 550 669 nuqua
576 577 661 660 viu,
692 600 807 664 magno
830 577 903 645 1000
929 549 1147 666 tueantur,
1173 583 1223 649 uu

221 713 305 785 inln
322 713 470 807 pluribus
487 713 714 782 indicabimus.
747 726 751 733 '
784 781 786 784 ,
846 731 849 736 ’

261 855 347 939 Quae
364 876 439 919 cum
453 852 598 918 universe
615 852 659 918 ita
676 850 817 937 fuerint,
845 876 913 919 non
932 849 1117 921 mirandum
1135 876 1218 946 pro-

220 987 326 1071 fecto,
348 988 432 1055 hanc
449 986 624 1074 neglectam
639 986 822 1078 puellarum
838 986 1074 1055 institutionem
1090 987 1126 1053 in
1138 988 1219 1055 reli·

222 1147 289 1216 qua
324 1145 458 1215 quoqne
486 1122 631 1213 ipsarum
651 1123 716 1189 vita
732 1122 800 1190 vim
818 1122 965 1189 hahuisse
984 1123 1219 1213 perniciosissi-

220 1281 316 1326 mam.
357 1260 535 1348 Tantopere
551 1259 639 1324 enim
656 1272 688 1322 et
705 1257 850 1346 corporis
867 1272 899 1322 et
912 1235 1010 1323 animi
1029 1256 1121 1322 cultu
1136 1254 1221 1332 infra

219 1394 304 1462 viros
320 1393 461 1487 positae,
481 1415 549 1460 non
561 1408 697 1484 potuere
712 1416 781 1459 non
792 1392 908 1483 inipso
918 1393 1222 1484 quoquematuimo·

220 1530 277 1596 uio
290 1529 445 1597 inferiore
459 1551 524 1596 esse
540 1527 627 1615 loco,
651 1528 742 1620 quod
758 1551 797 1594 eo
812 1528 909 1614 magis
928 1527 1061 1595 Athenis
1076 1526 1221 1594 obtinere

218 1664 355 1749 debuit,
388 1687 456 1755 quo
482 1666 602 1748 majore
627 1663 770 1728 culturae
788 1660 890 1750 gradu
907 1663 969 1754 ipsi
987 1676 1078 1727 erant
1093 1660 1219 1744 mariti,
1322 1661 1327 1674 “

220 1813 255 1867 et
286 1822 355 1893 quo
385 1799 508 1865 facilius
540 1801 577 1865 in
603 1797 836 1866 consuetudine
862 1822 938 1867 cum
963 1799 1101 1864 hetaetis
1125 1814 1223 1889 atque

220 1934 341 2003 amasiis
358 1937 401 2001 ita
418 1956 558 2000 uxorum
571 1933 714 1999 oblivisci
731 1922 907 2024 poterant.‘
1167 1913 1169 1918 ,

259 2070 385 2139 Summi
403 2069 755 2159 quoque'Graeeorum
776 2065 980 2158 Philosophi,
1012 2063 1121 2148 Plato,
1144 2065 1217 2131 Xe·
1270 2045 1273 2052 .

222 2205 377 2298 uophon,
410 2203 612 2286 Aristoteles,
641 2202 830 2294 frequenter
849 2199 910 2267 hae
925 2198 968 2267 de
985 2225 1020 2266 re
1036 2211 1115 2266 'sunt
1135 2221 1216 2267 con-

121 2357 125 2371 *
221 2342 345 2434 questi,
369 2340 458 2433 quod
475 2364 552 2407 cum
569 2341 719 2406 universe
737 2341 893 2425 majorem
910 2337 1057 2438 Graeciae
1073 2351 1219 2428 partem,

220 2491 292 2544 tum
305 2476 468 2580 imprimis
483 2477 567 2567 ipsas
585 2490 708 2567 spectat
727 2474 871 2543 Athenas
886 2475 947 2564 (l).
990 2471 1114 2540 lecirco
1130 2470 1221 2540 l‘lno
1280 2495 1295 2501 ’

220 2633 357 2704 quoque
381 2611 417 2677 in
441 2610 532 2678 libris
548 2607 591 2676 de
610 2611 748 2697 Legibus
766 2624 947 2676 curatorem
962 2608 1102 2675 instituit
1117 2588 1242 2674 omnis¹
1281 2657 1284 2672 .
1317 2691 1340 2706 ,-

217 2739 434 2828 educationis,
466 2760 537 2811 tum
555 2766 755 2834 puerorum,
787 2758 858 2810 tum
875 2741 1071 2834 puellarum:
1103 2738 1220 2820 imven-

221 2874 299 2955 θήτω
312 2851 351 2941 ’δὲ
373 2877 462 2949 αὐτόν
484 2899 522 2942 τε
536 2878 552 2942 δ
565 2877 719 2961 προκριθεὶς
733 2878 785 2941 nal
802 2878 817 2943 δ
832 2873 979 2960 προκρίνων
992 2877 1027 2949 ὣς
1041 2864 1129 2942 οὖσαν
1144 2874 1221 2942 vao-

164 3053 168 3064 .
220 3032 277 3093 ηρ
308 3021 364 3090 τήν
391 3004 487 3093 ἀρχὴν
518 3013 577 3072 τῶν
590 3005 592 3008 ’
605 3008 637 3074 ἐν
667 3006 709 3091 a&
729 3010 813 3076 etta
834 3008 1008 3090 ἀκροτάτων
1029 3013 1126 3093 ἀρχῶν
1147 2989 1222 3079 cotti

219 3141 369 3229 μερνττνν
397 3140 552 3231 (2).·1n
576 3138 703 3206 Solonis
729 3160 805 3206 vero
830 3138 973 3226 legibus,
1006 3164 1088 3232 quae
1108 3123 1161 3209 tot
1176 3144 1220 3211 de

120 3370 123 3374 x
217 3299 394 3371 puerorum
407 3273 607 3341 institutione
624 3273 794 3342 continent
808 3289 998 3365 praecepta,
1020 3275 1220 3362 gratissimus

220 3411 264 3480 de
279 3413 459 3502 puellarum
477 3408 667 3477 educatione
683 3409 772 3476 locus
787 3408 883 3500 plane
898 3424 968 3476 erat
975 3408 1155 3497 neglectus,
1177 3412 1223 3482 ita

223 3562 318 3614 utne
333 3550 469 3618 verbu-m
486 3547 530 3613 de
546 3562 612 3613 tota
627 3571 664 3613 re
681 3547 716 3612 in
733 3547 771 3612 iis
785 3547 974 3632 haberetur:
996 3547 1086 3640 quod
1101 3571 1140 3615 eo
1155 3571 1222 3616 ma·

221 3683 269 3769 gis
295 3685 329 3749 in
354 3684 462 3752 oculos
488 3686 649 3767 incurrit,
680 3683 739 3749 ubi
764 3691 839 3752 oum
863 3683 1006 3775 Lycurgi
1029 3682 1222 3770 legislatione

223 3820 284 3887 hac
301 3818 336 3885 iu
354 3842 444 3887 causa
460 3846 510 3887 eas
529 3845 762 3914 comparamus.

90 3955 95 3964 l
210 3947 513 3969 tenna-*—

255 4004 303 4088 (l)
322 4035 349 4074 c.
360 4032 389 4092 g.
401 4016 541 4077 Ariston
553 4018 588 4076 de
603 4017 701 4098 liepl
716 4019 770 4079 flu.
783 4017 877 4078 Plato
891 4019 927 4076 de
942 3979 1030 4096 Lepg.
1045 4018 1096 4078 631
1111 4018 1147 4080 Ε.
1157 4018 1223 4078 781.

216 4109 255 4194 l.
281 4114 358 4175 Xen.
378 4116 414 4178 dc
434 4115 506 4194 licp.
522 4117 628 4179 Laced.
644 4119 713 4180 init.
749 4119 797 4197 (2)
815 4120 909 4181 Plato
927 4121 963 4180 de
983 4121 1072 4198 [τερ.
1088 4117 1143 4179 765
1158 4120 1195 4180 Ε.
