2934 4892
750 315 793 383 ¹10

286 505 395 592 Quae,
429 523 489 569 cnr
514 500 624 569 locum
650 521 718 566 non
739 498 908 583 habuerit,
939 497 1029 567 facile
1044 501 1196 592 explicari
1217 523 1283 593 pc-

285 654 367 725 tcat,
398 662 494 723 cnm,
525 654 566 709 nt
593 634 692 704 modo
707 637 885 703 accuratius
902 635 1118 722 indicabitur,
1138 619 1286 708 'feminac

285 798 359 842 non·
377 789 482 842 essent
506 773 678 864 participes
695 794 808 838 eorum
822 773 965 858 jurium,
997 770 1140 864 quornm
1155 779 1283 843 exerci-

287 911 334 976 tio
357 909 398 976 ab
427 932 465 976 eo
491 904 672 1003 pendebat,
706 907 797 998 quod
824 907 897 998 quis
921 908 958 973 in
981 908 1144 975 curiarum
1163 910 1285 976 tabidus

202 1130 206 1139 ¹
288 1058 370 1110 esset
388 1041 516 1110 relatus.
576 1039 715 1107 Feminis
739 1039 838 1125 igitur
863 1039 940 1108 Iure
963 1043 1073 1110 Attico
1098 1064 1209 1140 eurum
1220 1046 1283 1132 ju·

285 1178 374 1247 rium
391 1176 678 1258 communicarat,
713 1196 797 1265 quae
814 1196 890 1242 cum
906 1174 1095 1244 inductione
1109 1178 1145 1244 in
1162 1179 1282 1246 Phra-

286 1315 375 1380 trica
399 1298 547 1402 aliqum
561 1305 723 1376 hebebant
746 1331 858 1376 rerum
875 1312 1157 1396 conjunctionem,
1189 1313 1230 1380 eb
1245 1314 1284 1383 iis

285 1463 393 1514 autem
407 1447 478 1516 illae
496 1445 730 1540 quammaxime
742 1445 953 1529 arcebantur,
987 1470 1069 1539 qnae
1085 1448 1125 1516 eb
1140 1449 1210 1541 ipsa
1224 1475 1282 1518 re-

283 1583 432 1676 ceptione
447 1582 484 1650 in
500 1583 625 1651 curm
642 1577 842 1673 pendebant.
867 1583 973 1668 Hujus
989 1583 1099 1676 itaque
1113 1586 1162 1656 tei
1178 1586 1283 1655 iuves.

283 1719 395 1807 tigatio
424 1718 699 1812 quamplurimum
730 1714 827 1785 saciet
848 1717 890 1784 ad
916 1708 1041 1787 civilem
1066 1717 1283 1792 conditionem

281 1852 476 1923 seminarum
492 1853 736 1923 Atheniensium
753 1853 866 1920 melius
883 1851 1132 1940 intelligendam.
1159 1857 1203 1926 Ut
1216 1882 1279 1925 au-

286 2005 354 2058 tem
376 1992 446 2079 jam
468 1990 597 2082 praevia
610 1988 804 2056 indicatione
820 1990 968 2056 universe
983 1990 1143 2077 comitam
1156 1991 1281 2061 babec-v

196 2096 198 2100 v
281 2149 355 2197 mus
373 2140 521 2193 naturam
536 2148 648 2192 eorum
661 2126 805 2214 jurium,
823 2148 905 2218 qnae
921 2125 1048 2193 feminis
1064 2124 1115 2192 vel
1132 2149 1279 2198 concessa

283 2276 376 2330 erant
394 2261 451 2330 vel‘
463 2257 631 2348 denegata,
654 2260 819 2327 audiamus
833 2261 953 2328 iterum
970 2259 1173 2344 Platnernm,
1196 2264 1280 2331 luris

248 2460 250 2465 ,
280 2397 382 2467 Attici
397 2396 644 2489 peritissimum,
676 2397 736 2487 qui
750 2396 812 2462 hac
829 2392 871 2461 de
887 2418 923 2462 re
938 2396 982 2461 ita
997 2394 1165 2486 loquitur:
1188 2398 1280 2466 »Dic

279 2499 489 2635 Einfdbrung
515 2532 551 2598 in
577 2529 630 2598 die
655 2532 842 2631 Phratrien
858 2530 1079 2601 ertbeiltedas
1097 2534 1202 2604 Recht
1218 2535 1280 2603 der

278 2666 600 2756 Verwancitacbujt,
620 2664 691 2731 und
708 2686 759 2735 wo
774 2688 807 2733 es
824 2663 924 2734 daher
939 2668 994 2736 die
1011 2670 1192 2759 Erhdltnng
1209 2669 1280 2742 dia·

280 2827 332 2871 aer
348 2802 430 2890 galt,
450 2815 571 2868 musste
585 2822 661 2866 man
675 2801 748 2907 jene
765 2797 1030 2890 documentircn3
1054 2784 1107 2872 dic
1123 2807 1277 2876 dufnah-

212 2998 214 3002 ,
280 2960 333 3006 me
358 2937 395 3004 in
418 2936 484 3002 den
502 2935 634 3003 Demus
649 2935 787 3021 dagegen
803 2935 994 3004 vermittclte
1008 2934 1074 3005 den
1090 2940 1224 3009 Eintritt
1240 2945 1277 3012 in

251 3048 255 3053 .
279 3076 335 3142 dic
359 3072 584 3161 hdrgerlicheu
610 3071 830 3173 Gereehtsame
857 3072 923 3139 und
945 3073 1128 3157 Pflichten,
1152 3099 1189 3144 sc
1203 3074 1276 3144 dass

278 3198 355 3277 man
380 3204 545 3276 nunmebr
570 3205 614 3273 ais
638 3206 692 3272 ein
709 3188 988 3294 selbststc'indiger
1001 3208 1134 3276 Mensch
1149 3233 1190 3277 an
1209 3213 1276 3278 den

276 3343 465 3413 torthetlen
480 3340 551 3411 und
568 3342 683 3409 Lusten
699 3337 756 3408 des
774 3344 894 3410 Stricta
911 3340 1044 3411 Antheil
1060 3343 1179 3429 nabm,
1202 3347 1279 3414 und.
1385 3400 1393 3409 .

276 3561 451 3643 θεσμΛΦόριιι
479 3575 691 3626 memorentur.
728 3565 939 3658 Quodpuntcm
967 3568 1079 3627 notarit
1105 3567 1274 3640 Bantius,

276 3667 368 3727 verbu
384 3659 416 3723 ἐν
431 3662 477 3741 τῷ
489 3655 570 3744 δήμῳ
588 3656 745 3742 pe1peram
764 3663 837 3721 illue
856 3664 1002 3723 translata
1020 3683 1081 3721 esse
1099 3682 1116 3722 e
1132 3683 1202 3723 reru
1219 3684 1271 3726 eu·

272 3778 344 3822 rum
357 3758 441 3825 sede,
458 3776 581 3833 eumque
594 3766 660 3835 post
672 3774 771 3816 vocem
789 3757 960 3830 λειτουργεῖν
977 3757 1177 3833 quaerendem
1191 3778 1268 3828 etse,

276 3859 376 3919 minus
392 3857 579 3935 probandum
599 3876 660 3915 etse
675 3857 803 3917 ridetur.
830 3857 926 3920 -liinc
942 3876 1039 3933 neque
1057 3858 1207 3945 Plutum
1220 3879 1272 3921 u·

271 3958 457 4019 sentiendum
478 3965 566 4035 puta.
591 3959 672 4026 hunc
690 3957 788 4018 lucum
807 3957 967 4038 explicanti
984 3975 1015 4036 p.
1032 3956 1098 4020 205.
1116 3957 1163 4020 ct.
1179 3977 1270 4039 cupre

265 4053 329 4121 rc't.
348 4057 436 4137 3212·
454 4055 501 4120 37.
