2934 4892
752 344 774 409 2

263 537 323 605 'tiae
348 532 564 613 exstitissent,
596 526 673 595 inde
698 528 834 594 maxime
858 524 1051 618 repetendae
1075 524 1155 592 mihi
1170 522 1265 593 vide-

264 673 404 754 bantur,
428 663 518 760 quod
544 665 610 732 fere
638 687 706 730 non
732 663 806 728 satis
826 660 1104 748 distinguebantur
1124 683 1191 730 ase
1209 663 1267 729 in·

266 808 369 876 vicem
387 819 457 873 tum
475 819 637 894 tempora,
657 815 728 867 tum
746 800 823 867 varii
838 800 956 891 quibus
975 800 1167 867 Graecorum
1177 799 1272 883 ,natio

267 940 432 1009 constabat
447 936 587 1030 populi,
607 958 688 1027 quos
702 934 860 1025 imprimis
878 936 913 999 in
928 932 1120 1003 feminarum
1137 954 1272 1025 quoque

268 1072 453 1143 conditione
486 1069 580 1141 valde
605 1094 624 1137 a
649 1092 683 1136 se
708 1069 848 1137 invicem
875 1067 971 1135 fuisse
999 1067 1159 1151 diversos,
1196 1068 1269 1134 satis

269 1223 405 1278 constat.
448 1208 635 1299 Antequam
660 1205 758 1292 igitur
786 1220 942 1270 transeam
965 1201 1006 1268 ad
1024 1218 1271 1306 argumentum,

271 1338 362 1436 quod
377 1342 414 1409 in
430 1342 491 1408 bac
506 1340 724 1425 dissertatione
742 1336 946 1421 tractandum
959 1337 1040 1404 mihi
1053 1341 1169 1421 sumsi,
1191 1339 1272 1404 bre-

270 1498 325 1545 ves
342 1476 574 1545 observationes
599 1476 802 1566 praemittere
829 1477 934 1542 visum
958 1489 1006 1540 est
1025 1474 1065 1540 de
1083 1472 1273 1542 seminarum

271 1608 361 1701 apud
372 1612 505 1678 Graecos
515 1611 716 1692 conditione,
735 1633 798 1700 pro
811 1611 904 1677 variis
916 1609 1115 1699 temporibus
1128 1608 1274 1699 locisque

271 1744 378 1833 rarius
413 1766 480 1837 quo
496 1744 627 1812 clariore
643 1746 735 1828 luce,
758 1744 993 1833 comparatione
1009 1741 1110 1826 laem,
1133 1741 1271 1821 semina-

271 1903 348 1950 rum
370 1881 616 1968 Atheniensium
638 1880 777 1967 florente
798 1877 967 1970 republica
984 1894 1135 1970 appareat
1153 1879 1272 1957 condis

271 2015 339 2100 tio,
360 2030 433 2098 tum
446 2016 543 2084 simul
557 2017 672 2084 melius
689 2032 797 2084 noster
813 2017 1025 2084 constituatur
1041 2016 1141 2085 locus.

316 2154 360 2219 Et
375 2154 520 2244 primum
537 2152 672 2244 quidem
690 2155 910 2245 antiquissima
920 2153 1126 2244 respiciamus
1142 2166 1274 2244 tempo·
1389 2149 1392 2156 ’

280 2309 340 2370 ra,
373 2287 496 2380 qarihus
518 2287 695 2357 discrimen
717 2289 802 2356 inter
825 2289 926 2356 uarias
951 2289 1145 2359 Graecorum
1172 2278 1279 2377 tribus>

276 2424 428 2494 nondum
451 2425 496 2491 ita
519 2425 682 2508 obtinuit,
714 2425 770 2491 sed
786 2428 898 2492 omnes
913 2424 1047 2491 barbara
1067 2439 1100 2491 et
1115 2424 1191 2503 rudi
1207 2424 1274 2495 lere

273 2553 482 2641 conditione,
498 2557 551 2627 vel
566 2560 663 2649 certis
675 2558 818 2628 destituti
831 2560 960 2626 sedibus
974 2559 1274 2651 perGraeciamad-

281 2690 349 2759 buc
374 2696 588 2781 vagabantur,
621 2696 671 2764 vel
688 2694 786 2764 modo
802 2698 896 2765 firma
914 2712 1150 2789 occupaverant
1165 2697 1274 2766 domie

280 2826 363 2896 cilia.
404 2830 472 2897 liae
487 2831 586 2916 igitur
600 2848 716 2916 aetate,
738 2849 777 2897 ut
790 2832 879 2925 apud
894 2855 1004 2900 omnes
1019 2832 1158 2924 populos
1170 2832 1281 2904 eadem

277 2962 424 3032 uiuentes
440 2964 649 3052 conditione,
670 2969 847 3036 miserrima
862 2969 1053 3036 feminarum
1069 2985 1137 3055 erat
1157 2969 1277 3037 condi-

282 3099 340 3166 tio.
384 3099 440 3170 Ad
464 3102 609 3194 corporis
632 3106 734 3183 vires,
764 3101 805 3170 ad
823 3100 1064 3187 fortitudinem,
1096 3106 1282 3196 peripsum

283 3231 376 3327 quod
401 3238 537 3323 agebant
553 3240 634 3304 vitae
652 3263 773 3324 genus,
796 3241 901 3307 omnia
918 3238 1157 3308 referebantur:
1176 3239 1278 3309 debi-

283 3368 373 3438 lioris
396 3393 489 3454 serus
512 3368 601 3439 nulla
630 3374 692 3439 nisi
716 3374 758 3439 ad
785 3377 962 3466 voluptates
989 3396 1156 3465 corporeas
1184 3391 1284 3469 atque

285 3503 329 3572 ad
353 3506 518 3573 servitium
545 3507 646 3575 ratior
679 3507 775 3598 plane
801 3506 965 3598 despotica
981 3523 1112 3598 patrum
1129 3510 1164 3574 in
1181 3509 1281 3594 filias,

288 3639 478 3709 maritorum
504 3642 541 3708 in
568 3665 702 3728 uxores,
732 3645 768 3710 in
787 3668 865 3735 quas
885 3641 1101 3711 crudelissime
1117 3646 1284 3729 interdum

289 3774 488 3859 saeviebant,
510 3773 695 3845 dominatio.
739 3779 835 3844 Filiae
850 3781 996 3846 universe
1011 3783 1099 3846 oneri
1114 3780 1284 3846 habeban-

283 3923 342 3974 tur
367 3927 501 4002 propter
519 3911 682 3979 difficilem
697 3938 807 3981 earum
825 3913 1020 3997 custodiam,
1051 3913 1139 3980 unde
1155 3915 1284 3980 crebrae

274 4068 383 4114 carum
408 4072 427 4113 a
454 4050 641 4138 parentibus
662 4051 894 4142 expositiones,
926 4047 1015 4142 quod
1034 4047 1159 4117 disertis
1176 4048 1281 4118 verbis
