2934 4892
747 391 769 456 ‘t

272 591 416 648 monstro
432 575 610 663 objicientis
629 575 770 651 marino,
791 572 875 639 aliae.
899 573 987 639 Leon
1000 570 1078 639 adeo
1097 585 1161 639 tres
1172 571 1273 641 ‘simut

272 740 335 808 pro
357 714 458 807 patria
484 712 571 778 ultro
589 709 706 776 obtulit
727 707 829 790 lilias,
859 710 894 773 in
912 710 1005 795 cujus
1022 710 1070 775 rei
1087 711 1274 779 memoriam

273 852 363 919 locus
386 852 421 919 in
457 848 561 916 Attica
578 842 698 911 deinde
717 852 866 930 Λεωκόριον
886 858 1015 911 vocatus
1034 861 1082 911 cst
1102 847 1164 936 (l).
1206 844 1275 934 lpsi

274 1003 381 1054 autem
399 985 518 1066 amori,
549 981 677 1048 affectui
694 981 810 1062 bruto,
845 983 960 1048 morbo
980 981 1275 1065 vehementissimo,

275 1124 433 1207 νοσήματι,
447 1117 487 1185 ad
507 1132 759 1210 corpustantum
768 1118 962 1207 pertinenti,
981 1118 1074 1183 variis
1082 1112 1203 1200 modis,
1220 1139 1274 1182 sa-

276 1258 316 1323 tis
339 1257 524 1349 periculosis
539 1251 724 1336 interdum,
747 1271 784 1319 ut
804 1254 886 1318 saltn
902 1254 1081 1321 leucadico
1098 1254 1170 1342 (2),
1201 1275 1273 1318 me-

279 1390 350 1460 deri
360 1394 573 1460 conabantur.
619 1391 816 1476 Monogamia
832 1406 955 1474 tamen,
977 1390 1108 1475 insignis
1123 1389 1176 1456 illa
1192 1413 1274 1475 gen-

277 1530 360 1595 tium
388 1528 626 1618 Europaearnm
654 1541 749 1608 nota,
777 1527 845 1612 jam
864 1526 950 1592 hisce
972 1523 1172 1617 temporibus
1186 1525 1275 1592 obri*

274 1666 382 1733 unisse
409 1663 560 1747 ridetur,
592 1666 737 1756 quamvis
764 1665 839 1730 viris
865 1686 989 1729 summa
1005 1685 1077 1748 erga
1093 1662 1207 1729 alienas
1223 1662 1274 1731 fe-

276 1801 378 1868 minas
405 1796 637 1867 concederetur
659 1800 803 1881 licentia,
834 1799 882 1864 uti
898 1821 937 1864 ex
956 1798 1121 1882 Herculis,
1147 1799 1279 1884 Thesei,

278 1936 479 2026 aliorumque
497 1932 651 2026 exemplis
666 1935 739 2000 satis
753 1947 869 2000 notum
884 1935 953 2021 (3);
977 1949 1010 1999 et
1023 1928 1121 2001 modo
1133 1957 1174 1999 nc
1185 1934 1280 2002 aliam

276 2085 404 2162 praeter
422 2092 511 2137 suam
528 2072 564 2138 iu
578 2071 668 2138 aedes
688 2067 881 2136 inducerent
898 2068 1048 2137 seminam
1063 2070 1189 2153 mariti,
1205 2052 1279 2136 'non

279 2226 472 2298 magnopere
490 2205 585 2274 talem
601 2206 761 2277 licentiam
779 2221 919 2292 gravatae
928 2206 1023 2272 luisse
1032 2207 1182 2274 videntur
1191 2222 1277 2272 ιιίῑοό

278 2364 328 2408 res
345 2342 499 2427 legitimae
518 2343 531 2431 (
554 2343 579 2431 ).

321 2477 406 2544 llaec
438 2478 537 2564 igitur
577 2480 723 2547 universe
759 2480 950 2547 seminarum
980 2479 1035 2547 illo
1059 2481 1281 2572 antiquissimo

277 2636 356 2681 aevo
392 2613 481 2704 apud
516 2619 649 2684 Graecos
686 2617 828 2684 conditio
852 2614 925 2681 fuit.
977 2616 1079 2706 Apud
1106 2616 1281 2685 Homerum
1320 2611 1323 2617 ¹

279 2768 375 2832 vero,
407 2750 473 2817 sive
498 2750 755 2818 revera'heroico
772 2773 865 2834 aevo,
897 2749 1097 2841 procedente
1112 2752 1176 2837 jam
1195 2752 1283 2818 cultu

280 2898 376 2974 atque
394 2884 611 2969 humanitate,
641 2887 686 2951 ita
705 2886 901 2968 obtinuerit,
934 2886 999 2952 sive
1018 2885 1173 2952 nonnulla
1194 2887 1282 2951 suavi

283 3028 398 3109 poeitae
419 3018 596 3086 debeantur
614 3020 758 3103 fictioni,
788 3020 952 3089 meliorem
967 3024 1032 3107 jam
1050 3000 1281 3087 multisnomi-

281 3153 378 3221 nibus
396 3179 506 3223 earum
524 3153 797 3247 deprehendimus
818 3160 992 3241 rationem,
1026 3157 1170 3248 quamvis
1190 3158 1280 3246 pris-

282 3289 366 3354 tinae
388 3289 545 3355 harharici
572 3289 658 3356 haud
684 3314 785 3382 pauca
810 3292 974 3381 supersint
998 3290 1146 3376 vestigia.
1185 3291 1284 3357 Plane

326 3457 583 3483 W

322 3581 369 3657 (l)
388 3583 479 3641 Soio.
498 3600 526 3643 t.
545 3576 705 3656 Λεωκόριον.
722 3583 769 3642 Cf.
789 3582 942 3642 Bernarth.
961 3583 1008 3641 cd.
1027 3582 1132 3642 Beislc.
1150 3605 1181 3662 p.
1203 3585 1284 3646 1397.

286 3680 332 3756 (2)
352 3681 399 3745 Cf.
418 3683 527 3740 haedo
545 3701 578 3740 ro
595 3683 740 3758 Sohaeser
756 3684 795 3743 nd
812 3684 989 3749 ditescerent,
1007 3703 1038 3760 p.
1051 3683 1116 3742 282.
1155 3686 1199 3759 (3)
1216 3686 1286 3755 tid.

286 3800 313 3839 c.
323 3798 351 3856 g.
361 3781 478 3841 Attea.
488 3780 575 3847 x111.
593 3781 622 3840 4.
635 3783 680 3841 Gf.
692 3783 820 3848 Jacobs,
838 3802 929 3842 verm.
940 3776 1069 3841 Schrifle
1080 3783 1136 3849 lt,
1155 3785 1210 3853 215
1219 3805 1287 3860 sqq.

287 3877 331 3954 (lt)
357 3879 494 3954 Smeltocl.
515 3880 653 3939 Trachin.
673 3880 728 3941 532
747 3901 811 3957 sqq.
831 3914 845 3925 ·
861 3882 906 3939 cf.
921 3882 1068 3957 imprimis
1077 3884 1289 3943 ‹temneren-

284 3977 406 4054 poribus
424 3978 461 4036 V.
492 3978 536 4035 cl.
564 3998 592 4036 o.
617 3979 767 4054 Limbnrq
786 3979 954 4043 Brauroer,
981 3979 1050 4038 hist.
1070 3981 1105 4038 de
1123 3981 1154 4039 la
1173 3982 1289 4045 Civilis:

278 4084 329 4142 des
348 4079 444 4139 Grccs.
468 4078 506 4138 V.
525 4079 551 4137 1.
571 4100 601 4156 p.
625 4079 750 4140 tro-180
768 4089 797 4137 et
815 4088 946 4138 auctores
963 4079 1008 4139 ibi
1025 4080 1119 4141 citati.
