2934 4892
668 359 708 426 21

196 550 444 620 ltheniensinm
479 570 547 617 rem
573 547 677 637 ipsam
705 570 746 613 ex
772 546 898 639 publici
923 561 956 615 et
979 551 1097 641 privati
1119 555 1203 642 juris

197 683 378 753 differentia
413 684 540 750 duobus
578 680 738 772 capitibus
765 681 924 748 distinctis
951 686 1202 774 tractareffild

198 820 284 887 banc
303 844 428 887 causam
445 817 572 889 accedit
587 819 700 902 altera,
722 815 799 884 inde
814 817 1005 911 repetenda,
1034 822 1123 913 quod
1139 843 1198 891 're-

197 975 271 1023 vera
287 958 383 1024 etiam
399 956 489 1049 apud
507 956 734 1039 Athenienses,
765 955 849 1022 sicut
864 957 954 1048 apud
969 957 1044 1025 alios
1059 975 1092 1025 et
1107 962 1196 1027 anti·

197 1093 329 1184 quitatis
361 1107 394 1156 et
421 1091 608 1157 recentioris
640 1089 749 1155 aetatis
773 1090 935 1182 populos,
969 1090 1103 1162 feminae
1127 1095 1196 1165 lere

194 1250 259 1319 pro
284 1227 380 1297 nullis
401 1227 526 1294 habitae
541 1241 618 1292 sunt
635 1227 671 1291 in
687 1250 724 1292 ea
741 1225 824 1293 Iuris
839 1242 953 1317 parte,
981 1252 1063 1322 quae
1078 1230 1195 1321 puhli-

197 1387 235 1431 ca
253 1387 318 1431 esse
335 1388 375 1431 ex
392 1363 510 1430 nostris
526 1363 712 1431 notionibus
728 1361 927 1449 intelligitur.
973 1366 1074 1433 lirant
1089 1381 1197 1436 tamen

197 1497 357 1592 quaedam
371 1497 486 1590 populi
500 1496 745 1564 Atheniensium
761 1499 922 1583 instituta,
943 1523 1024 1592 qssae
1039 1515 1105 1571 tam
1121 1525 1198 1572 cum

196 1633 332 1727 publico
349 1656 448 1724 quam
464 1655 539 1697 cum
551 1632 678 1722 privato
687 1606 763 1717 jirre
777 1632 950 1699 arctissime
966 1635 1197 1722 cohaerebant,
1236 1707 1240 1713 „

193 1783 228 1836 ct
252 1772 289 1835 in
312 1769 364 1836 his
386 1767 482 1833 etiam
501 1767 694 1833 feminarum
709 1767 817 1859 aliqua
834 1769 880 1836 vis
898 1784 986 1853 crat,
1018 1771 1090 1856 jure
1107 1795 1193 1839 con·

135 1930 139 1943 ’
195 1927 289 1974 cessa.
332 1906 402 1972 lloc
426 1904 586 1995 imprimis
610 1904 757 1970 cernitur
782 1906 818 1970 in
840 1907 1067 1974 constitutione
1084 1931 1196 1979 earum

194 2040 457 2120 universitatum,
476 2060 558 2129 quae
581 2033 740 2120 Φρατρίαι,
762 2059 966 2129 quarumque
981 2036 1101 2105 sodales
1118 2042 1197 2124 Φραί·

193 2197 274 2262 ropac
292 2170 551 2265 appellabantur.
595 2168 635 2234 In
653 2192 792 2260 quarum
807 2170 1079 2242 consociationum
1094 2191 1193 2242 natu-

193 2337 260 2383 ram
284 2305 453 2402 paululum
478 2305 609 2371 uberius
632 2305 854 2396 inquirentes,
887 2308 970 2375 duce
987 2310 1192 2400 potissimum

192 2447 362 2528 Platnero,
390 2444 426 2509 in
446 2441 504 2522 iis,
530 2462 611 2532 qnae
639 2462 678 2505 ex
694 2441 766 2526 ejus
778 2461 873 2530 opere
891 2438 990 2508 modo
1005 2444 1191 2532 citavimus,

187 2587 259 2674 jam
281 2579 497 2648 sufficientem
521 2577 590 2667 ejus
606 2575 823 2671 inquisitionis
839 2578 998 2648 rationem
1015 2579 1194 2652 reddidisse

190 2720 384 2789 ridebimur.

232 2859 359 2925 Praeter
386 2848 535 2947 &prepter
548 2867 655 2919 autem
671 2854 746 2922 aliae
761 2871 853 2922 crant
869 2858 989 2925 civium
1006 2858 1189 2927 Athenien·

190 2989 274 3057 sium
287 2985 551 3069 communitates,
572 2983 732 3074 imprimis
749 3011 821 3070 eae,
840 3013 923 3080 quae
943 2989 1015 3071 γένη
1036 2993 1101 3059 sive
1114 3015 1192 3080 gen.

192 3140 240 3192 tas
263 3120 458 3214 appellatae,
492 3143 568 3191 cum
592 3121 746 3212 phratriis
779 3124 934 3215 peculiari
958 3124 1193 3197 necessitudine

191 3255 459 3337 continebantur,
489 3254 575 3323 sicut
600 3278 641 3322 ex
664 3255 763 3324 altera
788 3274 880 3349 parte
909 3258 1010 3335 Φνλκί
1026 3278 1060 3330 et
1080 3262 1190 3347 δῆμοι,

190 3392 255 3461 siue
266 3390 368 3457 tribus
385 3404 419 3456 et
436 3387 541 3455 cumae
560 3390 610 3479 (l)
626 3390 713 3457 inter
728 3414 764 3456 sc
781 3394 909 3459 arctiori
923 3394 1189 3463 vinculocolme·

189 3527 325 3610 rebant,
355 3526 400 3591 ita
426 3540 553 3609 tamen,
584 3541 623 3591 ut
637 3526 858 3616 phratriarum
876 3552 1011 3621 quoque
1027 3528 1069 3596 ad
1087 3531 1191 3600 tribus

190 3660 297 3754 aliqua
314 3661 425 3729 relatio
441 3675 532 3728 esset.
556 3660 614 3727 Est
632 3661 766 3754 quidem
783 3664 993 3733 aniehumio
1011 3667 1060 3757 (3)
1079 3682 1190 3734 contra

191 3882 205 3935 .'
226 3897 274 3976 (l)
292 3902 340 3961 cf.
360 3920 436 3977 quac
455 3901 512 3960 bae
531 3901 568 3958 da
584 3921 619 3961 re
637 3903 801 3966 dictasunt
817 3880 922 3984 ρᾸῙθ,
940 3918 1004 3967 not.
1019 3907 1047 3968 3.
1067 3909 1112 3985 (2)
1130 3910 1190 4002 ³5?

188 3998 298 4059 niseba
316 4001 504 4071 Goscbichta,
522 4000 576 4063 lste
594 4007 683 4081 burg,
701 4026 733 4083 p.
752 4005 823 4076 230,
841 4004 887 4069 2‘0
898 4010 990 4088 surg.
1008 4007 1120 4090 pets,
1139 4010 1188 4070 cui

203 4116 256 4159 sco
272 4099 307 4162 in
331 4101 419 4163 tertis
437 4101 516 4166 nihil
533 4102 673 4167 additum
690 4115 744 4167 est.
