2934 4892
659 336 802 418 ‚lt

271 520 491 591 auctoritatem
514 518 690 589 marimum
719 520 840 587 civitati
868 522 1023 589 damnum
1046 523 1183 593 attulisse
1207 526 1271 611 ait,

273 658 362 725 omni
387 656 650 748 intemperantiae
677 671 710 722 et
726 656 870 725 luxuriae
891 661 998 745 generi
1015 657 1271 745 indulgentium,
1373 684 1377 699 '

273 813 349 859 cum
365 793 500 863 maxime
512 807 647 883 propter
665 793 828 859 bonorum
841 793 1099 884 inaequalitatem
1111 797 1272 863 avaritiam

272 941 305 994 et
330 927 473 1019 partium
499 925 604 993 studia
629 927 760 994 alerent.
813 930 861 996 Ex
887 931 1037 1022 quinque
1065 932 1152 999 enirn
1174 933 1272 997 totius

276 1067 343 1149 agri
360 1062 509 1154 partibus
528 1084 584 1130 sua
600 1078 700 1129 aetate
721 1063 801 1131 duas
818 1062 885 1131 fere
902 1088 1000 1155 penes
1018 1063 1163 1131 mulieres
1179 1064 1274 1132 tuisse

274 1199 411 1265 affirmat
433 1200 502 1288 (l),
546 1221 622 1268 cum
647 1200 789 1290 Lycurgi
817 1198 973 1268 divisione
1000 1200 1201 1291 septuaginta
1227 1197 1269 1266 ad

274 1329 447 1400 duodecim
463 1320 575 1398 fuisset
593 1333 653 1399 hac
672 1335 708 1398 in
724 1357 760 1398 re
776 1335 857 1400 ratio
879 1337 938 1424 (2).

315 1470 488 1560 Praecipue
504 1482 611 1536 autem
626 1490 667 1534 ex
685 1467 795 1555 Agidis
812 1485 909 1561 atque
929 1469 1104 1538 Cleomenis
1121 1470 1268 1552 historia,

269 1621 390 1699 quanta
409 1604 640 1697 posterioribus
653 1604 849 1695 reipublicae
863 1607 1062 1697 temporibus
1076 1605 1272 1683 feminarum¹

268 1743 306 1811 iu'
328 1741 425 1809 rebus
452 1740 591 1833 politicis
607 1737 704 1809 suerit
720 1743 909 1826 auctoritas,
939 1741 1107 1809 manifesto
1123 1756 1269 1832 apparet.

270 1876 350 1963 Agis
381 1876 527 1967 primum
547 1874 713 1943 institutus
730 1892 826 1960 crat,
865 1891 904 1942 ut
929 1891 1036 1942 narrat
1060 1875 1270 1957 Plutarchus,

271 2009 308 2079 in
326 2009 444 2078 divitiis
462 2026 495 2076 et
511 2009 637 2077 luxuria
654 2009 865 2095 feminarum,
895 2011 1004 2076 matris
1020 2010 1223 2098 Agesistratae
1239 2025 1272 2074 et
1298 1988 1299 1993 ἵ

225 2148 228 2155 ’
270 2145 354 2213 aviae
378 2146 618 2231 Archidamiae,
650 2171 731 2238 quae
754 2144 874 2215 divitiis
891 2169 1000 2213 omnes
1018 2148 1189 2235 Spartanos
1207 2165 1267 2208 su·

137 2328 143 2337 .
269 2281 428 2372 parabant
450 2283 512 2370 (3).
549 2281 683 2350 summo
699 2276 808 2347 studio
824 2281 998 2347 conabatur
1014 2276 1131 2345 deinde
1147 2280 1183 2343 in
1200 2299 1271 2379 suas

268 2432 376 2509 partes
401 2414 569 2522 traducere
593 2441 735 2486 sororem
760 2418 916 2505 Agesilai,
952 2439 1033 2508 quae
1061 2412 1268 2484 multitudine

270 2550 423 2619 clientum
447 2568 480 2619 et
503 2555 680 2620 amicorum
696 2570 729 2620 et
746 2554 929 2619 debitorum
938 2601 949 2635 ,
967 2552 1146 2642 plauimum
1161 2551 1197 2615 in
1217 2549 1270 2619 ci*

271 2685 368 2755 vitate
385 2686 544 2777 pollebat,
562 2702 595 2753 et
606 2690 723 2754 multas
738 2687 865 2773 gerebat
874 2710 924 2753 res
939 2686 1084 2777 publicas
1100 2687 1167 2772 (4).
1191 2684 1266 2751 Cle-

271 2847 400 2895 omenes
416 2821 529 2891 itidem
544 2824 683 2915 plurima
697 2850 758 2915 per
773 2839 909 2891 matrem
923 2820 1140 2888 Oratesicleam
1153 2820 1264 2911 perle-

272 2963 317 3029 cit
338 2964 416 3050 (5),
447 2976 480 3026 et
500 2959 637 3026 feminae
653 2983 786 3053 quoque
800 2959 921 3046 egregie
937 2957 999 3022 sibi
1015 2971 1106 3023 erant
1124 2955 1267 3021 consciae

270 3090 339 3166 rode
353 3089 596 3175 Λακεδαιμονίους
609 3092 773 3171 κατηκόους
790 3087 874 3164 ὄντας
890 3091 936 3156 ἀεὶ
952 3095 1009 3153 τῶν
1024 3093 1186 3169 γυναικῶν,
1217 3089 1273 3151 aa}

216 3255 224 3263 ·
269 3229 368 3290 πλεῖον
391 3223 510 3296 ἐκείναις
531 3229 589 3288 τῶν
609 3220 766 3304 δημοσίων,
796 3208 885 3298 ἡτῶν
899 3216 973 3285 ἰδίων
987 3220 1087 3292 αὐτοῖς
1101 3228 1272 3299 satrapea·

269 3360 365 3438 μονεῒν
382 3353 530 3429 lilitense
557 3368 591 3420 et
615 3350 703 3421 idem
724 3352 916 3419 Plutarchus
934 3352 1116 3443 plmimum
1131 3342 1266 3431 ‚nvisa-

310 3573 354 3647 (1)
373 3572 511 3630 Aristar.
522 3571 607 3630 Polit.
618 3572 662 3639 ΙΙ,
672 3572 700 3632 9.
711 3572 875 3631 distenso
883 3569 1059 3649 Spartani,
1069 3568 1192 3647 1.p.226
1200 3589 1266 3646 sqq.

272 3669 317 3746 (2)
334 3669 422 3728 Plut.
433 3668 503 3745 Lye.
511 3667 540 3727 8.
550 3702 564 3713 -
573 3668 631 3727 Nec
640 3660 804 3742 dandarum,
817 3669 870 3744 qui
877 3685 979 3726 earum
988 3667 1269 3743 diseiplinaeeuram

270 3786 372 3847 gerere
389 3768 551 3833 debebant,
576 3767 661 3827 valde
679 3768 757 3825 hanc
765 3767 914 3825 licentiam
933 3766 1085 3824 refrenare
1097 3773 1267 3843 potuerunt.

273 3866 331 3925 off.
348 3865 478 3941 Heryclr.
494 3885 523 3924 s.
538 3853 698 3936 inpedituros.
715 3863 835 3923 Merces.
849 3863 942 3921 Lectt.
956 3864 1016 3937 itt.
1029 3883 1059 3939 p.
1070 3862 1117 3922 64.
1132 3862 1269 3938 Cragiua

271 3961 308 4020 (le
324 3960 396 4036 liep.
416 3959 585 4018 Lacedaem.
605 3958 640 4018 L.
660 3958 707 4025 ΙΙ,
729 3959 762 4017 G.
779 3961 808 4018 7.
826 3979 856 4037 p.
873 3958 919 4017 84.
939 3958 1070 4034 Hesych.
1081 3979 1109 4018 v.
1120 3954 1270 4029 τεμποῢροι

271 4060 373 4136 ibique
392 4059 464 4118 Intt.
503 4059 547 4136 (3)
566 4059 655 4119 Ptut.
673 4060 755 4136 Agis.
770 4059 799 4119 4.
840 4056 889 4139 (4)
906 4059 1024 4138 Eodfi.
1055 4058 1103 4137 (5)
1122 4057 1269 4118 creona.
