2934 4892
668 389 725 470 121

199 565 348 653 doceret,
380 591 561 661 numquam
585 571 764 639 incivitate
789 574 891 643 simile
907 576 989 646 vitae
1005 598 1123 671 genus,
1145 584 1202 651 tim

201 668 291 788 miles
308 726 432 788 mores,
452 703 560 794 quales
578 705 715 772 maxime
731 729 772 774 ex
789 708 884 779 tertio
900 710 1034 800 decimo]
1042 714 1197 786 Athenaei

200 799 294 910 nobis
318 854 475 929 apparent
500 839 605 925 lihro,
635 857 751 930 magno
775 867 853 937 prae
877 848 1019 922 honestis
1043 855 1203 922 metronisv

200 970 323 1046 honore
341 972 451 1042 haberi
466 996 569 1066 posse.
591 976 692 1052 Fuere
711 979 848 1069 quidem
864 982 1034 1071 Hetaerac,
1054 1009 1137 1080 quac
1152 989 1198 1057 oh

201 1128 348 1191 magnam
381 1106 500 1175 formae
532 1111 790 1209 pulcritudinem
826 1141 1044 1215 magnumque
1079 1125 1202 1216 ingenii

203 1199 327 1307 cultum
348 1256 474 1309 certum
489 1243 551 1309 sibi
568 1246 775 1317 conciliarent
791 1251 968 1342 honorem,
997 1275 1036 1327 ut
1050 1262 1087 1329 in
1101 1264 1206 1333 rebus

202 1375 279 1450 item
295 1376 432 1466 politicis
450 1381 498 1446 vis
514 1382 671 1472 quaedam
688 1409 800 1456 carum
815 1408 1019 1482 cerneretur,
1038 1412 1077 1463 ut
1092 1389 1210 1468 Therss

59 1589 69 1613 ,
183 1511 281 1598 *golia
295 1531 394 1604 atquc
410 1518 540 1606 Aspasia
558 1521 629 1609 (l),
658 1522 750 1613 quod
766 1529 927 1617 posterior
943 1555 1077 1626 quoqne
1092 1536 1199 1612 inter-

203 1643 285 1714 dum
322 1647 406 1716 vidit
430 1666 532 1737 aetas,
575 1655 735 1727 Ludovici
760 1661 839 1730 xlv
863 1664 1022 1759 imprimis
1048 1665 1203 1751 viderunt

203 1795 358 1874 temporo.
389 1785 437 1851 At
453 1809 531 1855 vero
547 1804 653 1858 totum
670 1795 879 1867 Hetaerarum
895 1824 1012 1904 genus,
1034 1808 1105 1901 ipse
1120 1809 1208 1885 ordo

203 1941 384 2010 numquam
401 1923 534 2012 publica
551 1926 663 1993 floruit
678 1931 928 2024 existimatione,
951 1949 1097 2035 quamvis
1115 1949 1203 2021 faci.

202 2052 232 2119 le
248 2056 481 2142 concedamus,
505 2058 641 2128 Athenis
667 2082 807 2158 propter
830 2072 1015 2159 neglectum
1035 2100 1209 2157 matrona..

204 2211 281 2262 rum
305 2195 430 2260 cultum
452 2210 485 2262 ct
502 2198 654 2283 majorem
667 2200 702 2267 in
722 2202 811 2273 hisce
827 2210 977 2280 omnibus
994 2216 1208 2295 nudationem

205 2341 314 2419 atquc·
327 2328 508 2412 licentiam,
539 2333 791 2426 liequentiorem
812 2368 911 2436 quam
923 2354 1013 2441 apud
1027 2355 1206 2454 plerosque

206 2461 282 2528 alios
317 2465 457 2555 populos
478 2467 685 2538 Hetaerarum
706 2471 806 2545 fuisse
827 2475 940 2567 usum,
972 2497 1034 2559 nec
1058 2493 1211 2566 universe

206 2597 288 2674 vitae
311 2621 387 2672 cum
412 2600 553 2669 lietaeris
575 2628 644 2671 eom
660 2606 757 2678 fuisse
770 2615 1011 2706 turpitudinem
1028 2626 1205 2719 tributam,

125 2733 128 2736 ’
209 2755 290 2821 quae
306 2732 394 2799 hisce
413 2739 614 2828 temporibus
629 2741 808 2815 secundnm
822 2767 945 2826 nostros
962 2759 1130 2869 opiniones
1146 2768 1208 2837 hac

207 2865 243 2928 in
261 2890 296 2932 re
314 2870 439 2937 obtinet
456 2874 515 2961 (2).
558 2867 691 2946 Plurimi
708 2882 862 2970 omnino,
892 2904 926 2958 et
940 2857 1086 2983 primarii
1100 2879 1136 2971 in
1152 2905 1204 2973 ci.

206 3111 344 3173 Isoorat.
371 3133 403 3192 p.
431 3115 495 3177 155.
522 3118 646 3197 Lysiae.
674 3144 705 3204 p.
737 3124 800 3188 1-42.
826 3128 1088 3211 Xenophoeoon.
1107 3145 1140 3216 1,
1160 3148 1208 3212 13.

204 3210 294 3269 Plot.
308 3212 395 3274 Phoc.
411 3214 458 3277 22.
472 3220 639 3297 Aristoph.
653 3224 763 3288 Ecolcs.
780 3230 862 3292 1153.
878 3237 1029 3314 Aloiphr.
1044 3242 1076 3311 1.
1093 3245 1140 3306 38.
1150 3257 1207 3312 etc.

206 3313 252 3388 (l)
263 3313 360 3373 plut.
389 3314 493 3375 l'cricl.
512 3318 559 3379 24.
579 3322 671 3384 Setid.
689 3336 718 3385 ct
736 3330 868 3408 JJesycu
888 3337 922 3395 in
941 3360 988 3400 π.
1008 3341 1124 3403 Jacobs
1139 3347 1162 3407 l.
1182 3350 1206 3409 1.

170 3397 178 3411 '
206 3430 237 3486 p.
270 3411 342 3478 152,
370 3422 400 3472 et
424 3426 515 3475 euch.
541 3419 603 3480 citt.
623 3423 703 3501 apud
732 3427 1207 3509 Wactemutt.·11ell.tlte1u.

208 3508 246 3567 V.
267 3510 298 3577 Ι,
324 3511 358 3578 2,
379 3514 431 3582 ll.
450 3517 503 3576 N⁰.
524 3516 571 3579 40.
611 3522 654 3598 (2)
675 3525 827 3589 Pertincnt
845 3533 904 3592 huo
919 3539 1009 3598 verbe
1026 3542 1208 3621 senegalli.
1265 3611 1266 3618 ,

204 3608 227 3666 l.
247 3608 270 3667 l.
295 3630 326 3687 p.
347 3611 418 3672 1362
438 3635 455 3669 r>
466 3616 520 3674 llio
538 3618 626 3677 Alton
644 3622 756 3684 hiclten
773 3628 904 3691 cinmahl
921 3638 998 3695 auch
1015 3639 1063 3697 dio
1080 3642 1207 3707 Schaam

204 3726 265 3765 nur
288 3709 342 3768 fur
365 3711 415 3769 cin
434 3714 543 3774 Gcfuhl
561 3718 615 3777 der
630 3720 741 3791 Nalm,
769 3729 892 3788 welches
910 3734 964 3793 dor
982 3735 1132 3801 vernunst
1149 3763 1207 3804 uu-

204 3810 403 3869 terzuordncn
420 3815 483 3889 seij.
507 3817 567 3875 Der
585 3820 760 3898 cigentliche
776 3827 891 3907 Begriff
904 3833 957 3893 der
973 3837 1126 3900 Unsohuld
1144 3848 1208 3905 und

204 3904 314 3966 inncrn
337 3909 473 3971 Reinheit
501 3916 540 3974 ist
556 3918 649 3978 ihnen
666 3925 743 3982 auch
761 3926 795 3985 in
811 3930 865 3989 dcr
882 3933 996 3995 hohern
1017 3937 1204 4021 Philosophia

131 4001 135 4008 “
202 4005 301 4065 fremd
318 4010 490 4085 gcbliebcn‚
509 4016 548 4073 da
568 4038 601 4076 er
617 4022 752 4083 eusdem
772 4027 955 4091 ueheimnisa
972 4037 1026 4095 dor
1043 4038 1128 4099 Seelc'
1143 4047 1207 4108 und

201 4104 283 4167 ihrer
303 4110 464 4187 g'ottliohcn
483 4115 685 4202 Bestinrmung
704 4126 824 4191 bernht.
842 4129 938 4193 Ileriu
954 4125 1070 4199 testeus?
1084 4141 1132 4202 dic
1148 4164 1206 4203 uc-
