2934 4892
779 373 822 441 tt

294 563 398 636 illatae
414 564 558 646 fuerint,
589 556 773 627 adhihenda
800 579 877 626 eura
892 571 930 625 ut
947 573 1048 628 vestes
1065 557 1126 627 illis
1142 575 1298 674 peroratur

294 700 416 799 quibua
432 697 551 767 eoufiei
567 691 699 763 debent.
743 691 933 761 Curandum
948 695 1025 761 item
1042 709 1080 761 ut
1094 693 1295 767 tomentum

291 833 420 905 aridum
436 835 590 904 idoneum
606 827 648 898 ad
664 831 863 899 vescendum
880 832 949 899 fiat.
993 831 1064 901 Una
1079 847 1187 900 autem
1204 821 1297 900 eura·

186 1029 192 1034 .
256 1040 260 1048 ,
291 971 341 1044 tio
363 993 404 1042 ex
428 970 489 1055 iis,
519 989 602 1061 quae
627 967 678 1033 tui
702 981 781 1033 aunt
795 966 959 1052 muneris,
990 966 1124 1036 fortasse
1141 967 1297 1058 ingratior

292 1132 362 1178 esse
377 1105 562 1190 videbitur,
585 1101 676 1196 quod
693 1103 889 1172 famulorum
903 1103 1048 1172 omnium
1065 1127 1146 1172 eura
1160 1102 1221 1171 tibi
1228 1124 1297 1170 aur·

292 1242 444 1336 uipienda
468 1242 548 1324 erit,
576 1253 615 1305 ut
640 1239 757 1332 siquis
775 1261 816 1305 ex
830 1239 869 1306 its
887 1252 1045 1326 aegrotet,
1076 1252 1223 1307 curetur.
1251 1272 1295 1292 -·

218 1390 221 1395 '
291 1375 380 1448 Illud
403 1399 482 1478 vero
506 1364 654 1466 proseoto
676 1373 772 1463 longe
787 1375 933 1442 omnium
948 1373 1162 1462 gratissimum
1174 1370 1294 1458 fuerit,

292 1516 320 1583 o
337 1508 473 1608 quaem
491 1495 594 1582 carae
611 1510 743 1601 gruem
759 1511 903 1579 ιιιῑιωι
920 1513 1006 1595 ane,
1029 1514 1202 1604 animoque
1219 1533 1293 1598 aga
1353 1587 1360 1601 ,

293 1671 346 1717 me
370 1646 650 1736 'magis'henevolo
674 1619 789 1714 futuii.
813 1683 855 1701 ·-
876 1649 961 1715 Sunt
977 1662 1010 1714 et
1025 1645 1100 1716 aliae
1116 1644 1294 1713 curationes

292 1784 354 1852 tibi
377 1782 529 1876 propriae
552 1778 663 1864 datae,
693 1803 766 1848 mea
788 1756 894 1867 uxor,
921 1806 989 1850 nou
1007 1781 1224 1871 injucundae:
1255 1797 1295 1848 ut

292 1926 376 1996 eum'
387 1919 568 2013 imperitam
583 1916 717 1985 lanificii
733 1935 846 2004 necta,
879 1919 1015 2011 peritam
1031 1920 1147 1986 efficies
1156 1964 1167 2002 ‚
1194 1931 1295 2008 atque

289 2077 328 2123 ea
343 2054 404 2123 tibi
421 2052 539 2121 deinde
553 2050 659 2145 duplo
674 2050 783 2144 pluris
798 2053 879 2120 erite
910 2077 987 2121 eum
1004 2054 1187 2144 imperitam
1205 2056 1291 2120 eou-

289 2189 392 2257 dendi
415 2187 655 2282 promendique
677 2204 712 2258 et
735 2187 941 2256 ministrandi
965 2205 1077 2273 nacta,
1107 2188 1201 2257 talem
1215 2189 1291 2256 effi‘-

290 2326 373 2412 cies,
407 2349 489 2418 quae
514 2340 548 2393 et
572 2325 692 2393 horum
711 2325 817 2417 perita
839 2339 873 2391 et
898 2321 965 2390 fida
978 2339 1012 2422 et
1026 2325 1062 2391 in
1078 2323 1293 2392 ministrando

287 2477 437 2555 promta,
469 2461 632 2554 quantivis
657 2460 718 2528 tibi
743 2462 787 2526 sit
807 2460 926 2556 pretii,
962 2484 1038 2527 cum
1055 2460 1115 2528 tibi
1131 2455 1292 2530 modestos

288 2621 327 2665 ae
354 2598 467 2665 domui
491 2613 563 2664 tuae
587 2596 681 2664 utiles
704 2595 831 2664 afficere
858 2596 1018 2665 beneficio
1042 2593 1172 2666 lieebita
1204 2622 1241 2664 ae
1265 2597 1294 2665 si

281 2720 364 2824 'quis
381 2732 550 2824 improbus
566 2755 634 2799 esse
649 2732 797 2800 videatur
814 2753 889 2799 eum
907 2732 1034 2823 punies.
1067 2699 1173 2819 ¹Quod⁴
1192 2731 1289 2798 deni-

289 2894 356 2962 que
381 2869 527 2937 omnium
542 2883 590 2934 est
602 2864 899 2955 jucundissimum,
933 2892 1009 2936 eum
1027 2871 1078 2962 m'e
1095 2892 1161 2959 esse
1178 2868 1293 2937 melior

253 2973 256 2980 i
286 3005 468 3091 videberis,
497 3030 617 3098 meque
638 2992 731 3072 tirum
745 3006 887 3078 effeceris
901 3005 1077 3090 famulum,
1107 3029 1213 3099 neque
1231 3028 1291 3074 ve-

286 3140 429 3236 rendum
454 3142 515 3208 tibi
531 3143 593 3226 sit,
624 3164 666 3208 ne
692 3158 793 3209 aetate
809 3141 1006 3233 procedente
1021 3142 1129 3209 minus
1144 3144 1181 3209 in
1194 3143 1294 3212 domo

285 3279 348 3347 tibi
366 3278 497 3349 honoris
514 3278 689 3361 habeatur,
712 3274 773 3345 sed¹
786 3301 977 3370 persuasum
993 3278 1161 3362 habueris,
1184 3294 1216 3345 te
1232 3265 1289 3346 ae-¹

288 3423 352 3481 tate
370 3413 564 3507 provectiori
582 3429 673 3481 tanto
686 3416 807 3514 majore
820 3415 963 3482 futuram
976 3417 1012 3481 in
1026 3416 1166 3500 honore,
1189 3437 1294 3509 quau·

204 3607 207 3610 ,
288 3567 324 3618 to
349 3564 420 3617 tum
436 3549 518 3616 mihi
536 3573 685 3636 consors,
718 3566 789 3620 tum
806 3549 916 3622 liberis
936 3565 1039 3619 eustos
1056 3549 1172 3619 domur
1187 3554 1290 3624 exsti-

248 3709 251 3720 *
289 3688 365 3755 teris
380 3685 518 3755 melior
540 3687 600 3776 (1).

326 3981 371 4058 (l)
389 3982 524 4059 Xerwpla
552 3982 658 4049 (ieron.
687 3985 765 4056 vn,
793 3986 829 4050 10
854 4004 919 4064 sqq.
938 3986 983 4048 Gf.
1011 3923 1185 4058 ratumena!
1195 3986 1231 4049 de
1247 3986 1291 4050 ue

287 4079 372 4142 Rust.
392 4081 428 4142 L.
447 4081 506 4144 XII
525 4082 592 4145 init.
