2934 4892
654 325 696 390 95

177 519 275 589 litatis
294 510 439 584 reddidit
458 509 654 605 participes,
675 503 812 588 feminas
831 525 908 573 vero
928 503 965 570 iu
986 499 1080 568 terris
1099 498 1186 572 mori

178 654 315 722 sinebat.
358 652 409 740 (l)
430 648 471 715 ln
488 645 612 732 legibus
633 664 766 735 quoque
787 633 931 724 Solonis,
962 660 1044 729 quae
1065 635 1186 723 egregii

178 811 272 882 saepe
289 788 447 855 admones
466 780 713 851 Atheniensium
727 792 814 845 reete
830 771 1091 868 interpretandus
1107 784 1187 840 sunt

180 920 423 1005 commentarii,
445 914 643 1009 paederastia
661 913 771 981 liberis
787 909 920 980 demum
936 907 1188 1001 permittebatur

179 1029 384 1140 hominibus,
406 1054 504 1123 servis
525 1074 601 1120 vero
621 1050 815 1148 seminarum
836 1061 980 1130 tautum,
1001 1057 1116 1137 utpote
1130 1042 1185 1132 ig-

180 1194 337 1278 nobilior,
364 1190 612 1282 relinquebatur
632 1208 722 1254 amor
746 1188 807 1276 (2).
850 1186 1006 1252 Omnium
1025 1182 1188 1260 uirtutum

95 1368 99 1375 ·
181 1345 283 1396 mater
303 1354 322 1395 a
342 1326 459 1396 Solone
475 1323 663 1407 dicebatur,
684 1336 719 1388 et
736 1343 846 1388 revere
857 1320 894 1386 in
910 1317 1078 1410 republica
1094 1317 1186 1383 anti-

182 1489 266 1557 qua,
297 1478 336 1529 ut
356 1459 623 1544 Atheniensium,
653 1453 850 1550 paederastia
869 1455 945 1539 illo,
976 1478 1045 1548 quo
1066 1454 1187 1542 Solon,

181 1605 329 1676 Socrates
356 1599 478 1690 aliique
498 1596 760 1697 praestantissimi
779 1595 909 1687 quique
927 1615 998 1660 eam
1016 1591 1188 1662 intellexe-

182 1750 264 1803 runt
283 1755 379 1801 sensu
400 1733 471 1822 (3),
491 1755 561 1800 nou
580 1731 692 1823 potuit
710 1754 781 1800 non
800 1730 923 1819 optime
944 1751 1095 1825 quaeque
1112 1753 1191 1816 eum

177 1906 434 1932 Μ

220 2008 265 2084 (1)
283 2004 421 2079 Xeszoplt.
438 2001 542 2080 Symp.
553 1996 642 2065 VIII,
659 1994 698 2057 29
714 1994 817 2072 ibique
827 1995 901 2055 Intt.
919 1995 965 2072 (2)
984 1997 1074 2056 Plut.
1085 1997 1149 2060 sot.
1162 1998 1190 2064 la

182 2094 280 2162 δοῦλον
302 2096 349 2170 μὴ
375 2088 557 2171 ξηραλοιφεῖν
585 2086 660 2167 μηδὲ
681 2086 886 2167 παιδεραστεῖν.
907 2096 1056 2157 Aescttn.
1074 2095 1191 2175 psli7.

182 2203 229 2279 (3)
257 2201 334 2259 'I'um
357 2196 474 2257 Solonis
492 2197 547 2253 hae
565 2196 602 2251 de
621 2192 770 2267 releges,
796 2185 861 2250 tum
878 2195 1066 2272 philosophia
1085 2197 1192 2256 Socra-

183 2302 312 2361 tieorum
339 2306 493 2371 tamquam
518 2301 641 2351 conatus
668 2299 739 2348 sunt
754 2290 960 2370 dijudicanda,
987 2312 1049 2369 qno
1065 2285 1192 2356 immani

182 2400 277 2465 sitio,
294 2398 328 2455 in
344 2397 452 2454 intima
469 2396 647 2454 Graecorum
665 2391 781 2450 ratione
797 2393 916 2469 penitus
933 2396 1074 2463 fundato,
1092 2399 1193 2468 mede·¹

184 2508 301 2560 rentur.
328 2497 375 2556 Ad
401 2514 500 2553 meum
519 2489 727 2570 argumentum
743 2512 805 2550 non
820 2493 965 2571 pertinuit
982 2495 1020 2555 de
1036 2498 1118 2575 tulgi
1135 2500 1193 2556 hae

184 2600 220 2659 iu
236 2618 325 2660 eausa
342 2596 467 2655 Athenis
485 2594 634 2654 dementia
651 2611 759 2670 agere,
776 2603 806 2651 et
822 2593 1087 2668 quiasutisnotum
1095 2607 1193 2659 totum

184 2708 231 2757 est
257 2698 414 2775 negotium
428 2696 490 2768 (cf.
510 2693 548 2755 I.
568 2694 613 2754 cl.
631 2713 662 2755 v.
680 2695 782 2754 Liotb.
800 2692 863 2755 Br.
881 2696 904 2756 l.
922 2697 946 2757 l.
964 2718 995 2776 p.
1014 2687 1076 2759 2347
1088 2708 1194 2776 squ),

185 2807 215 2855 et
233 2797 314 2871 quod
330 2796 448 2871 longius
465 2813 485 2850 a
501 2794 651 2872 proposito
669 2795 827 2853 abduceret
844 2804 936 2856 totam
954 2818 1018 2856 rem
1034 2792 1127 2878 paulo
1142 2820 1193 2859 ee·

186 2894 318 2957 curatius
335 2893 491 2970 explicare.
529 2894 573 2952 Ila
589 2902 706 2950 tantum
716 2894 853 2964 ,breviter
870 2896 1014 2964 exhibui,
1037 2902 1146 2973 quibus
1164 2911 1194 2960 et

186 2993 452 3055 continentioribns
465 3000 495 3049 et
508 2991 738 3068 sapientioribus
750 3012 823 3070 prae
832 2995 1012 3055 feminarum
1022 3018 1121 3058 amore
1132 3022 1194 3059 sese

187 3094 393 3155 commendare
415 3092 512 3169 potuit
530 3090 725 3151 Pereuntia:
744 3094 879 3168 quumvis
895 3115 935 3154 ne
952 3098 990 3155 de
1007 3099 1055 3156 his
1071 3100 1195 3175 quidem

188 3195 339 3253 affirmare
362 3192 548 3258 dubitamus,
574 3210 651 3266 quae
679 3192 752 3251 dicit
776 3178 878 3253 Liocb.
898 3194 960 3256 Br,
978 3217 1009 3275 p.
1028 3197 1100 3278 263s
1128 3200 1194 3263 oJe

188 3296 266 3352 ereis
282 3302 333 3369 qu'
348 3313 388 3351 on
406 3291 444 3349 ne
462 3298 502 3350 m'
512 3310 649 3350 termera
665 3312 718 3371 pas
737 3294 774 3352 de
787 3294 878 3371 juger
893 3294 938 3353 les
957 3296 1044 3355 Grecs
1061 3308 1129 3377 trop
1145 3304 1193 3358 se'-

188 3395 357 3461 verement,
384 3394 411 3450 si
422 3393 449 3468 j’
470 3412 561 3451 atoue
578 3397 642 3451 etro
658 3395 804 3470 persuade
823 3411 882 3470 que
899 3395 981 3454 leurs
998 3398 1130 3458 hommes
1150 3381 1196 3468 led

189 3492 258 3568 plus
274 3493 404 3551 illustres
423 3514 480 3578 par
495 3494 563 3552 leur
580 3510 708 3569 sugessit,
724 3495 770 3584 les
787 3495 855 3572 plus
873 3500 1040 3556 reuommes
1054 3518 1111 3576 per
1124 3499 1195 3562 leur

189 3590 380 3658 continente,
397 3593 458 3650 lors
475 3597 572 3652 meme
589 3597 640 3667 qu'
650 3591 690 3650 ils
707 3598 731 3650 s’
743 3595 927 3654 abstenoieut
944 3597 981 3654 de
998 3608 1079 3658 toute
1096 3602 1195 3660 aetion

190 3686 337 3747 treimeut
362 3690 503 3750 bonteuse
514 3732 523 3759 ,
534 3675 537 3681 ’
549 3693 742 3770 eprouroient
766 3695 950 3772 rependent,
975 3698 1051 3757 dans
1068 3701 1097 3757 le
1114 3720 1195 3760 eom·

191 3805 289 3846 merce
306 3806 375 3847 aree
391 3788 472 3847 leurs
485 3792 592 3865 ieunes
610 3792 700 3859 amis,
718 3810 751 3850 oe
770 3795 908 3873 melauge
926 3797 962 3855 de
973 3801 1131 3859 sensualitti
1140 3803 1195 3876 qui
1220 3781 1222 3784 Ι

191 3904 231 3945 cu
249 3885 347 3945 detoit
362 3890 427 3945 dtre
444 3889 523 3946 aussi
538 3890 727 3967 inseparable
745 3908 820 3966 que,
838 3894 908 3952 cheu
926 3915 1018 3964 nous,
1036 3899 1073 3956 de
1085 3900 1107 3957 l’
1117 3911 1194 3961 otta-

190 3985 328 4144 ppeurent
357 3986 388 4047 lo
413 3987 482 4064 plus
508 3988 730 4076 irreprochtble
758 4012 834 4070 pour
862 4015 920 4057 tute
941 3997 1035 4072 jeuue
1061 4011 1092 4062 et
1116 3985 1196 4090 belle

221 4092 330 4145 nme.'’
975 4120 976 4123 ¹
1084 4095 1087 4101 ’
