2934 4892
686 367 743 437 101

214 568 276 623 net
292 552 442 637 aliunde,
463 552 590 643 inquit,
611 566 719 643 patet,
742 566 774 618 et
792 573 833 617 ex
848 549 886 618 iis
903 574 986 642 quae
1003 550 1108 643 puella
1126 555 1209 640 agit,

205 689 401 757 muliebrem
428 700 575 755 naturum
597 686 680 754 nihil
708 685 792 754 virili
817 708 882 755 esse
908 685 1113 770 inferiorem,
1150 686 1207 752 sed

213 823 345 892 consilio
366 838 493 898 tantum
519 836 553 889 et
576 821 694 889 robore
717 821 772 890 illa
797 821 936 910 indiget,
966 822 1010 888 itu
1031 836 1070 887 ut
1091 821 1119 888 ci
1134 822 1212 915 quis

213 975 356 1030 vestrum
386 981 521 1026 uxorem
544 957 676 1042 lrabeat,
715 953 857 1050 fidenter
883 980 952 1025 eam
975 957 1125 1040 edoceat,
1164 956 1206 1023 ad
1259 941 1269 956 x

212 1116 427 1186 quaeeunque
452 1094 563 1185 cupiat
588 1116 625 1159 ea
640 1093 755 1160 edocta
770 1091 844 1160 uti”
862 1093 925 1180 (1).
968 1088 1060 1160 Idem
1075 1090 1210 1183 princi-

211 1231 304 1323 pium
325 1232 361 1297 in
381 1233 481 1323 ipsius
500 1232 712 1304 Oeconomico
728 1228 932 1310 dominatur,
949 1205 1000 1292 ¹in
1018 1248 1085 1319 quo
1100 1227 1205 1294 reric·

211 1367 289 1444 rime
320 1366 415 1433 maris
439 1382 537 1460 atque
563 1366 698 1435 feminae
724 1365 868 1432 ciliciae
891 1359 1016 1430 diuersa
1039 1362 1210 1451 utrimque

117 1585 119 1588 v
212 1500 400 1571 derivantur
427 1519 562 1590 natura,
602 1528 678 1574 cum
707 1506 777 1596 ipsu
801 1525 885 1571 uxor
909 1501 1050 1571 amabilis
1064 1521 1211 1593 prorsus

211 1652 378 1720 occurret,
409 1652 509 1730 atque
530 1639 747 1731 optimorum
763 1635 904 1709 utilitatis
921 1637 1033 1707 lructu
1051 1659 1070 1702 a
1094 1634 1226 1710 merito.

216 1771 301 1839 varia
318 1794 375 1839 sua
390 1766 561 1842 edoceatur
576 1797 710 1842 munera
726 1778 787 1864 (2).

256 1909 406 1994 Quamvis
422 1931 499 1977 vero
513 1910 556 1975 ob
572 1912 691 1991 varias,
715 1933 796 1999 quas
809 1902 970 1999 explicare
985 1929 1058 1975 sum
1075 1921 1211 1975 conatus

103 2097 105 2102 ,
215 2064 339 2127 cousus,
351 2038 507 2110 ,debitum
522 2040 647 2112 seminis
664 2065 732 2110 nou
750 2042 924 2109 tribuerint
941 2045 1097 2111 honorem
1107 2031 1211 2111 Athe·

214 2177 357 2260 nienses,
387 2178 427 2245 ab
451 2178 548 2243 altera
572 2193 676 2246 tamen
697 2195 790 2268 parto
805 2202 873 2246 nou
887 2179 1030 2260 iccirco,
1059 2193 1099 2244 ut
1114 2176 1209 2243 multi
1236 2205 1240 2209 ·

215 2309 472 2395 contenderunt,
503 2315 541 2379 in
564 2336 615 2381 eus
638 2314 857 2404 despidiebaut
872 2313 968 2404 plane
985 2327 1019 2381 et
1033 2309 1226 2379 contemtui

212 2448 280 2516 illas
296 2448 475 2552 nubebant,
496 2450 542 2517 ita
557 2465 596 2516 ut
611 2451 757 2520 universa
773 2448 860 2518 natio
876 2453 1031 2536 μισογύνης
1048 2448 1089 2516 sit
1102 2442 1213 2513 dicen·

215 2579 267 2651 da.
309 2581 466 2670 Multum,
497 2602 536 2654 ut
559 2588 597 2653 in
620 2585 705 2652 hanc
719 2585 846 2654 abirent
860 2584 1070 2666 senteutiam,
1098 2580 1211 2650 value-

216 2732 296 2783 runt
311 2720 395 2788 varia
409 2719 499 2813 apud
513 2722 616 2791 varios
634 2737 777 2789 auctores
794 2723 945 2803 Graecos,
964 2718 1123 2810 imprimis
1141 2717 1209 2784 Go-

215 2848 316 2919 micos
332 2867 429 2946 atque
445 2853 634 2945 Euripidem
650 2856 753 2936 dicta,
771 2856 966 2947 plerumque
980 2870 1070 2921 extro
1080 2831 1210 2920 omnem

214 2999 396 3056 contextam
409 2990 587 3062 orationem
601 2991 636 3057 in
652 3013 741 3059 suam
758 2986 882 3057 detorta
897 2987 1097 3056 sententium.
1124 2987 1211 3072 Quae

214 3122 243 3189 si
258 3123 336 3207 rite,
367 3138 404 3189 ut
429 3148 490 3215 par
506 3140 573 3209 est,
606 3127 855 3215 interpretemur
872 3148 913 3192 ex
933 3125 1075 3216 ipsarum
1091 3122 1210 3214 perso-

214 3282 329 3326 narum
345 3259 516 3344 sententie,
533 3276 567 3327 et
585 3284 637 3346 ee,
661 3286 726 3353 qua
741 3257 830 3352 apud
850 3259 994 3327 Comicus
1009 3257 1059 3325 vel
1075 3254 1213 3323 aliosrdi-

214 3408 337 3459 euutur
363 3396 624 3486 opportunitate,
660 3394 708 3462 nil
732 3394 881 3487 profecto
905 3395 977 3462 talia
1002 3391 1088 3494 dictu
1114 3394 1211 3460 totius

215 3526 332 3617 populi
356 3528 407 3599 vel
430 3528 530 3623 ipsius
556 3529 636 3598 adeo
656 3531 794 3600 auctoris
819 3552 892 3616 erge
908 3528 1048 3597 vseminas
1070 3528 1212 3619 probant

183 3761 185 3765 Α
208 3640 427 3739 'contemtum
449 3665 611 3757 Imprimis
628 3665 682 3734 hic
699 3664 790 3732 citari
806 3663 885 3733 solet
899 3663 1086 3755 Euripides,
1105 3663 1209 3730 notis-

218 3806 495 3833 -κ--ι--ι-ι-η

255 3879 300 3954 (ll
318 3879 452 3955 l'ertoplt.
465 3881 597 3960 Sympos.
609 3883 644 3952 2,
662 3863 736 3960 9rq'.
752 3911 778 3925 ·
790 3882 832 3942 llo
849 3881 919 3960 Rep.
930 3880 1036 3942 Laced.
1047 3899 1114 3940 roro
1123 3879 1212 3946 111‚5
1322 3963 1324 3968 Ι

216 3975 309 4034 uirilis
328 3993 416 4038 sexus
435 3972 483 4035 uui
499 3975 535 4044 eir
546 3972 580 4037 ro*
594 3979 744 4054 σωφρονεῖν
761 3979 900 4040 muliebri
916 3990 1024 4039 nutura
1038 3979 1214 4038 dioitrufor-

216 4073 284 4135 tior.
320 4073 370 4152 4[2)
394 4074 529 4152 Ieaopt.
552 4074 655 4137 oecon.
668 4076 778 4142 t11-x.
792 4078 837 4140 cf.
849 4079 943 4165 Caput
958 4088 1093 4141 nostruin
1113 4076 1179 4153 11‚§
1191 4078 1217 4138 l.
