2934 4892
346 955 993 1090 ·reoonn1on

289 1719 381 1814 Eoi
415 1765 489 1811 non
513 1740 728 1811 adsentiamur
757 1745 875 1809 summi
903 1741 1041 1809 flerderi
1071 1742 1196 1828 verbio,
1312 1740 1316 1745 ’

200 1880 292 1950 nulla
306 1904 347 1949 ex
364 1903 399 1947 re
416 1880 519 1947 verius
535 1894 631 1971 atque
648 1878 763 1944 melius
778 1877 821 1944 de
839 1875 948 1944 indole
972 1880 1198 1970 atqueouitu,

199 2019 251 2085 vel
266 2016 383 2108 privati
401 2016 559 2106 cujusque
573 1988 735 2096 hominis,
758 2012 809 2080 vel
827 2013 925 2078 totius
943 2013 1045 2099 gentis
1060 2012 1200 2100 judicari

198 2174 313 2243 posse,
346 2172 444 2243 quam
465 2173 484 2216 e
506 2149 629 2214 ratione
647 2173 712 2240 qua
730 2149 865 2215 feminae
882 2148 970 2240 apud
987 2172 1039 2215 eos
1051 2150 1196 2216 habean-

200 2302 254 2354 tur
273 2288 345 2376 (l)3
378 2301 487 2351 tamen
504 2284 645 2366 nemini,
677 2285 713 2349 ni
729 2282 841 2367 folior,
872 2284 1021 2350 historiae
1037 2285 1202 2376 animique

197 2421 329 2489 humani
349 2419 517 2511 paululum
540 2418 685 2510 penitiori
710 2418 849 2485 dubium
864 2420 943 2502 erit,
975 2419 1056 2510 quin
1071 2419 1108 2485 in
1122 2419 1195 2485 his-

113 2524 116 2531 *
198 2557 281 2624 toria
304 2556 508 2623 humanitatis
535 2556 595 2622 rite
620 2553 812 2621 aestimanda
835 2553 1027 2622 feminarum
1054 2548 1197 2622 conditio

196 2690 326 2757 maximi
351 2692 507 2758 momenti
530 2691 572 2757 sit
597 2688 755 2759 habenda.
809 2685 902 2774 Quod
931 2705 969 2754 ut
986 2689 1028 2755 de
1045 2689 1195 2755 omnibns

195 2825 278 2893 valet
303 2826 469 2912 gentibus,
500 2826 544 2893 ite
569 2826 728 2917 imprimis
751 2824 795 2893 de
814 2801 939 2894 Greeois
956 2823 1058 2892 valere
1076 2824 1119 2891 ob
1136 2825 1192 2892 ine·

192 2959 314 3045 signem
339 2983 437 3051 quem
458 2962 495 3026 in
510 2959 642 3035 historia
654 2961 860 3028 humanitatis
886 2975 1048 3053 occupant
1064 2960 1191 3045 iocum,

184 3115 304 3162 ,omnes
326 3090 518 3181 intelligunt.
570 3097 654 3179 Quot
675 3118 752 3163 vero
777 3112 943 3178 auctores,
973 3109 1022 3161 tot
1047 3094 1113 3163 fere
1130 3095 1191 3161 heo

192 3227 235 3295 de
260 3251 296 3297 re
320 3224 463 3296 diversae
487 3231 669 3297 sententiae.
712 3231 835 3315 Quibus
859 3230 1036 3299 rationibus
1052 3224 1190 3321 inducto

77 3346 83 3355 ’
190 3383 308 3452 operae
330 3363 471 3453 pretium
486 3364 567 3431 mihi
582 3364 686 3431 visum
705 3381 774 3448 est,
796 3387 860 3456 pro
876 3365 999 3434 viribus
1017 3362 1113 3454 partio
1128 3386 1185 3432 ees

188 3497 327 3562 ouranos
343 3497 378 3562 in
394 3512 492 3565 totam
505 3516 574 3567 rem
589 3499 765 3591 inquirere.

231 3631 389 3718 Cogitanti
405 3651 532 3721 autem,
553 3634 641 3705 unde
660 3652 724 3707 tem
742 3637 845 3707 variae
861 3638 922 3708 hac
941 3634 983 3707 de
999 3658 1034 3705 re
1051 3650 1185 3706 senten·

181 3794 491 3822 ‚num-...4

224 3895 270 3973 (1)
288 3893 427 3970 eoae,
445 3899 537 3965 Ide'en
553 3920 608 3967 zor
625 3901 735 3970 riolos.
754 3906 817 3969 nod
835 3908 936 3971 Gemit.
955 3906 993 3971 V.
1008 3908 1055 3980 11,
1072 3930 1103 3988 p.
1119 3904 1183 3974 150.

962 4028 977 4100 l
