2934 4892
743 353 784 419 72

259 538 415 607 canentur
430 534 491 625 (l).
534 535 711 623 Pauperem
738 533 826 600 enim
852 529 946 601 talem
977 532 1128 621 ἐπίκληρον
1149 534 1291 627 (2)·ὶς”,.Δ

265 677 325 768 qui
354 697 467 763 genere
495 673 662 764 proximus
688 684 777 755 erat,
810 666 880 736 κοτ’
894 671 1094 754 ἀγχιστείαν,
1113 675 1264 765 'exceptis

261 808 550 891 adscendentibus,
582 806 702 875 ducere
730 807 918 874 tenebatur:
949 808 976 874 si
1002 831 1078 876 vero
1101 811 1167 894 jam
1191 811 1265 901 ipse

261 947 390 1039 nuptias
415 943 643 1026 contraxisset,
673 938 853 1008 seeundum
880 964 1013 1008 censum
1038 966 1108 1008 eam
1132 941 1262 1028 dotare,

262 1073 347 1151 etsi
372 1079 480 1172 plures
504 1078 617 1146 eodem
643 1077 779 1146 aderant
803 1075 926 1162 gradu,
958 1099 1069 1143 omnes
1089 1078 1183 1143 simul
1199 1103 1263 1169 pro

252 1202 347 1285 'virili
369 1231 458 1307 parte
476 1213 516 1279 ad
535 1215 619 1281 hane
633 1213 743 1281 dotem
757 1209 905 1278 conferre
922 1213 1115 1278 tenebantur
1134 1215 1194 1302 (3).
1228 1214 1263 1282 Si

261 1374 339 1443 vero
353 1351 471 1441 plures
498 1364 602 1416 essent
619 1350 704 1440 ipsae
723 1355 840 1433 δῆσσοι,
867 1369 935 1413 non
952 1371 1077 1443 necesse
1092 1363 1161 1413 erat
1179 1371 1258 1435 eog-

262 1502 339 1553 nato
364 1486 474 1575 plures
496 1509 562 1549 nna
578 1483 709 1565 dotare,
741 1480 796 1546 sed
815 1482 982 1571 proximus
1000 1497 1056 1548 eut
1071 1480 1181 1548 dotare
1195 1479 1258 1548 de·

260 1620 376 1702 bebat,
407 1636 464 1687 aut
489 1620 557 1710 ipse
581 1619 703 1686 ducere
732 1620 793 1707 (4).
846 1617 940 1701 Quod
965 1619 992 1683 si
1018 1643 1086 1685 non
1110 1610 1261 1686 fecissent

226 1816 229 1831 ,
260 1757 405 1841 cognati,
444 1756 619 1846 unicnique
648 1754 739 1821 licuit
764 1769 854 1820 extra
879 1744 1063 1855 peniculum
1087 1770 1120 1822 ct
1143 1779 1261 1846 aquam

259 1886 349 1981 apud
367 1890 565 1958 Archontem
584 1892 782 1981 Eponymon
797 1913 850 1957 eos
867 1912 1013 1958 accusare
1032 1892 1105 1979 (5),
1132 1890 1259 1985 quipp'e

294 2136 339 2212 (1)
359 2136 401 2194 lle
429 2137 548 2196 uocibus
565 2133 665 2208 δῆσσσι
682 2148 771 2214 atque
789 2130 871 2210 δῆτεο
886 2140 925 2200 cf.
944 2140 1033 2198 etiam
1051 2138 1194 2205 Potitus,
1222 2159 1253 2216 p.
1361 2191 1366 2203 ,

163 2300 169 2309 .
257 2234 311 2294 201
332 2253 397 2310 sqq.
410 2244 498 2310 atque
515 2237 653 2294 laudatus
670 2237 782 2296 ibidem
800 2238 995 2297 Plutarchus
1013 2239 1122 2298 etalii.
1142 2240 1255 2297 Census

258 2354 349 2392 eausa
372 2336 448 2394 cites
474 2338 574 2394 omnes
591 2357 611 2394 a
629 2336 736 2398 Solone
753 2339 788 2409 in
807 2349 935 2412 quatuor
951 2339 1058 2396 classes
1076 2348 1161 2396 erant
1177 2341 1257 2411 rela-

254 2427 298 2487 li:
330 2448 369 2488 sc.
402 2426 733 2505 πεντακοσιομεδίμνων,
763 2434 890 2510 {optauit
919 2442 948 2490 ct
974 2428 1073 2507 θήσων.
1110 2435 1149 2491 lli
1165 2433 1256 2494 etiem

255 2521 287 2592 οδ
299 2528 334 2593 ‘td
350 2529 478 2603 Θκτικὸν
497 2532 649 2602 τελοῦντες
667 2535 827 2612 appellati,
846 2554 906 2593 non
925 2535 1033 2592 debent
1050 2553 1116 2590 eum
1134 2533 1184 2601 iis,
1201 2537 1256 2609 qui

256 2629 386 2711 μέτοικοι
414 2641 610 2708 dicebantur,
628 2642 791 2708 confundi,
808 2641 878 2699 licet
896 2640 1059 2715 antiquitus
1077 2662 1138 2701 uon
1156 2644 1257 2705 omnia

251 2733 326 2809 jura
346 2736 465 2812 politica
483 2739 647 2804 haberent,
674 2757 752 2813 qnae
770 2739 893 2814 reliquis
912 2742 1023 2800 civibus
1042 2747 1254 2818 competebant.

256 2834 304 2892 cf.
331 2834 502 2894 Menochia
517 2838 682 2898 comment.
709 2839 744 2895 in
770 2841 865 2913 tabul.
885 2841 1000 2901 Heraol.
1019 2842 1142 2919 Neapoli
1161 2841 1256 2910 1754,

254 2946 287 3006 p.
312 2929 369 2988 224
394 2949 460 3005 sqq.
498 2931 541 3008 (2)
571 2932 618 2990 Cf.
643 2932 833 2992 Bemoethen.
852 2951 883 3009 p.
906 2933 997 2992 1067:
1026 2939 1082 2996 τῶν
1094 2933 1255 3013 ἐπικλήρων

253 3022 320 3094 ὅσοι
336 3030 452 3108 durande
468 3033 617 3110 τελοῦσιν,
635 3050 665 3097 et
682 3040 718 3097 de
737 3041 792 3098 hoe
808 3042 873 3099 loco
886 3042 920 3100 O.
932 3041 1071 3113 deBoor,
1091 3067 1121 3125 p.
1129 3051 1178 3111 79,
1188 3051 1254 3115 Vox

253 3136 403 3223 ἐπίκληρος
424 3154 524 3203 tamen
541 3162 756 3220 nonnunquam
775 3144 865 3203 aliam
884 3143 1126 3220 significationem
1144 3149 1254 3220 habet,

253 3258 283 3313 et
301 3248 420 3306 nonnisi
438 3246 541 3307 divites
558 3247 715 3326 significan
741 3247 827 3306 abiis
845 3244 999 3325 inexpositos
1017 3249 1263 3328 distinguuntur,⁴

253 3364 284 3413 et
301 3356 381 3433 ipsae
399 3345 519 3413 ἐπίδικοι
538 3353 698 3419 dicuntur,
733 3361 878 3425 quatenns
897 3351 932 3409 de
950 3352 988 3409 iis
1007 3371 1074 3410 cnm
1092 3352 1254 3414 hereditate

252 3455 439 3518 vindicandis
456 3453 571 3530 cognati
588 3453 716 3530 litigant.
736 3453 782 3511 cf.
801 3450 946 3520 Eunoen,
964 3453 987 3513 l.
995 3453 1018 3512 1.
1037 3472 1068 3527 p.
1089 3453 1134 3513 18.
1157 3455 1252 3523 Gonu,

252 3530 578 3632 p.338.'1’etu2u,p.
597 3552 663 3612 335.
682 3552 827 3630 nefftaa
847 3571 877 3628 ρ.
895 3553 943 3610 72.
962 3552 1004 3610 ne
1023 3552 1069 3612 ns
1086 3561 1184 3611 autem
1202 3555 1252 3612 in-

253 3655 302 3714 fra
328 3655 417 3733 plura
435 3654 580 3712 dicentur.
619 3652 663 3728 (3)
682 3652 745 3710 Lex
763 3653 843 3729 apud
861 3652 1051 3711 Demostnen.
1069 3671 1138 3730 pag.
1160 3654 1251 3716 10672

252 3762 268 3828 δ
284 3762 448 3840 ἐγγύτατα
464 3759 563 3841 γένους
579 3758 713 3826 ἐκδιδότω
732 3758 863 3837 deuictis,
880 3762 895 3825 t
904 3754 959 3840 μὲν
971 3759 1250 3841 σεντοκοσιομὲδιμ·

248 3892 294 3942 uec
311 3865 499 3941 σοντκκοσῖκο
513 3864 667 3949 δραχμάς,
683 3865 744 3934 δδὲ
755 3866 857 3940 insede
872 3864 1050 3951 nonantulae,
1066 3866 1251 3951 δδὲζυνίσκς

245 3970 354 4045 &caelu
369 3974 562 4051 πεντήκοντα·
589 3977 646 4037 cn.
668 3975 789 4034 Terent.
808 3974 928 4064 Phorm.
946 3975 1007 4043 ΙΙΙ,
1025 3976 1060 4041 2.
1079 3978 1128 4044 59,
1144 3978 1246 4057 ibique

239 4077 320 4148 luit.
339 4089 368 4140 et
389 4080 487 4148 eane,
504 4079 528 4139 t
546 4079 569 4139 1.
585 4096 616 4161 p.
635 4076 701 4141 303.
730 4076 775 4153 tlt)
792 4077 947 4145 Bausta.
966 4096 997 4155 p.
1023 4077 1106 4139 1068.
1135 4077 1180 4155 (5)
1208 4072 1247 4135 J-
