2934 4892
754 520 828 607 52.

670 765 728 833 De
750 767 918 836 Dicor-tu.

332 1046 366 1115 si
391 1042 455 1124 nlla
478 1039 538 1109 alia
554 1039 590 1108 in
605 1062 640 1107 re
659 1041 728 1130 (1),
760 1042 796 1109 in
810 1043 950 1117 divortio
967 1067 1041 1113 sane
1059 1046 1172 1115 misera
1191 1062 1292 1142 etque

327 1261 372 1337 (l)
398 1261 492 1320 hiulto
519 1262 689 1338 ceteroquin
711 1263 853 1339 majorem
872 1265 962 1323 fuisse
979 1264 1154 1343 dignitatem
1171 1266 1288 1325 civilem

281 1363 469 1424 'seminarum
487 1363 709 1422 Atheniensium
728 1384 818 1438 quam
843 1365 1062 1432 Orientalium,
1080 1367 1162 1424 docet
1184 1366 1288 1433 Gom,

279 1481 321 1542 p.
338 1461 414 1529 299,
440 1462 487 1520 his
505 1463 617 1521 verbis:
648 1463 721 1521 ulla
739 1465 793 1523 der
811 1464 895 1521 linui
910 1465 992 1522 nicht
1009 1466 1095 1525 mehr
1112 1465 1160 1522 die
1178 1465 1288 1541 Eioge·
1376 1474 1382 1486 ‘

289 1560 471 1638 hungsueise
499 1561 553 1618 der
570 1561 632 1619 Ehe
650 1562 704 1626 ist,
731 1563 770 1619 da
788 1562 820 1619 in
839 1565 905 1620 dem
923 1563 1068 1621 Momeute
1087 1554 1140 1620 der
1158 1563 1288 1630 civitat,

288 1660 420 1739 sugleioh
447 1660 494 1718 die
521 1658 799 1738 Selbststiiudiglreit
828 1663 892 1719 nud
919 1663 966 1719 die
984 1662 1214 1720 Personliohlreit
1233 1662 1303 1719 der*

277 1760 365 1819 ΨΜ
383 1760 583 1837 ausgedriickt
601 1759 657 1825 ist,
682 1780 714 1817 so
732 1762 822 1836 fulge,
841 1762 906 1818 dass
925 1761 973 1818 die
991 1761 1185 1818 Atheudische
1203 1760 1285 1818 Frau

277 1877 327 1939 ²su
349 1859 440 1933 ihren
465 1856 575 1915 hlanne
593 1848 774 1936 heines'uegs
793 1860 877 1916 mehr
893 1860 926 1916 in
945 1860 1011 1917 dem
1029 1860 1215 1917 Verhaltniss
1232 1860 1285 1916 des

286 1959 478 2035 Eigenthums
506 1958 569 2015 und
596 1958 650 2015 der
669 1959 976 2033 Gegeost‘andliolrkeit
994 1960 1095 2024 subc,
1121 1959 1162 2015 sie
1180 1958 1219 2014 ist
1235 1958 1284 2015 die

285 2054 484 2117 uollkomnren
513 2056 651 2123 Gleiche,
677 2058 740 2114 und
758 2057 805 2113 die
825 2058 936 2115 Gewalt
953 2059 1029 2115 iiber
1047 2057 1094 2115 die
1112 2057 1228 2114 Ehirau
1244 2056 1284 2113 iat

279 2155 336 2215 eiu
353 2154 539 2218 Veshdltniss
557 2157 607 2213 des
626 2157 798 2216 Schiitzes.''
818 2157 885 2215 Nou
901 2167 984 2219 unta
1000 2167 1101 2215 tamen
1118 2157 1281 2214 eratlthe-

286 2256 435 2337 meusium
451 2257 635 2338 feminarum
653 2256 800 2337 dignitas,
819 2265 963 2333 quantum
984 2256 1163 2333 Germanicis
1181 2255 1283 2313 uxori·

285 2357 341 2415 hus
357 2355 464 2415 tribuit
484 2355 629 2422 Tacitus,
656 2356 794 2414 German.
815 2355 851 2413 18
867 2357 914 2412 his
931 2356 1042 2414 serbis:
1072 2376 1088 2409 »
1099 2355 1201 2412 Dotem
1219 2372 1282 2411 non

284 2472 358 2514 uxor
384 2455 505 2519 marito,
533 2453 584 2510 sed
602 2453 688 2511 uxori
704 2454 830 2511 maritus
848 2454 950 2518 offert,
978 2455 1126 2511 intersunt
1142 2462 1280 2530 parentes

283 2562 314 2612 et
329 2553 506 2630 propinqui,
528 2571 563 2610 ao
580 2571 706 2610 munera
723 2556 864 2630 probant,
882 2574 1007 2611 munera
1023 2573 1086 2611 non
1103 2554 1142 2610 ad
1156 2551 1280 2612 delicias

285 2653 443 2710 muliebres
468 2651 620 2724 quaesita,
645 2670 699 2709 nec
724 2653 833 2725 quihus
850 2672 926 2712 nova
943 2661 1039 2730 nupta
1055 2663 1201 2717 comatur,
1227 2653 1279 2710 sed

285 2753 371 2811 hoves
396 2760 426 2809 et
451 2752 600 2811 frenatum
628 2769 737 2825 equum
765 2761 794 2810 et
817 2762 932 2810 sontum
951 2772 1018 2811 curn
1036 2754 1150 2810 framea
1166 2750 1280 2828 gladio·

285 2869 353 2926 que.
394 2852 432 2910 in
450 2852 522 2908 haec
540 2871 664 2908 munera
682 2871 757 2910 uxor
774 2853 917 2929 accipitur
933 2862 1021 2926 atque
1038 2852 1163 2911 invicem
1181 2870 1279 2911 armo-

283 2970 351 3010 rnm
377 2951 494 3035 aliquid
520 2955 583 3009 siro
610 2951 708 3008 affert.
747 2952 807 3027 iloc
829 2953 990 3010 marimum
1008 2952 1178 3018 viaculum,
1206 2952 1280 3011 haec

283 3070 392 3112 arcane
409 3070 513 3115 sacra,
530 3051 584 3107 hos
602 3050 770 3126 conjugales
788 3050 862 3108 Deos
880 3052 1076 3110 arbitrantur.
1101 3051 1143 3110 lle
1161 3069 1193 3108 se
1211 3070 1278 3108 mu·

280 3151 338 3210 iier
364 3160 448 3209 extre
475 3151 616 3209 virtutum
646 3151 833 3227 cogitationes
858 3161 999 3225 extraque
1025 3151 1171 3209 bellorum
1193 3162 1278 3210 casus

281 3259 379 3331 putet,
395 3250 467 3328 ipsis
485 3237 851 3326 insipidutismatrimonii
869 3251 1006 3327 auspiciis
1023 3251 1209 3315 adiuuemus,
1227 3271 1278 3309 ve-

282 3353 347 3410 uire
374 3370 405 3409 se
431 3349 569 3407 laborum
593 3349 851 3426 periculorumque
879 3350 1005 3417 sociam,
1031 3351 1109 3408 idem
1131 3351 1164 3406 iu
1183 3370 1278 3426 pace.

280 3450 359 3509 idem
386 3450 420 3507 in
445 3448 558 3525 pruche
579 3468 732 3525 passuram
750 3468 947 3525 ausuramque
965 3456 1041 3510 etc.’'
1079 3449 1280 3510 Nihilominus

281 3551 315 3608 i'u
331 3548 402 3626 ipsis
420 3547 481 3605 illis
501 3548 673 3606 muneribus
693 3559 721 3606 et
740 3550 822 3615 dote,
849 3551 884 3607 de
904 3550 1012 3624 quibus
1033 3549 1161 3607 Tacitus
1178 3549 1278 3624 loqui·

282 3659 348 3716 tur,
366 3648 459 3709 multo
478 3648 633 3724 posteriori
650 3650 747 3707 adhuc
764 3658 894 3727 tempore
913 3650 993 3725 apud
1010 3648 1134 3726 populos
1156 3649 1283 3706 Germa·

282 3750 362 3808 aiom
380 3749 549 3806 coe'rntionis
569 3749 665 3806 forma
683 3750 839 3825 conspicua
858 3759 910 3807 est.
935 3749 1035 3822 Neque
1053 3749 1087 3803 in
1104 3749 1181 3806 hanc
1198 3768 1278 3826 nup·

280 3849 390 3908 tiorum
408 3848 648 3906 Germanicarum
666 3857 695 3904 et
710 3850 875 3907 officiorum
893 3848 978 3905 uxori
995 3848 1198 3922 injunctorum
1215 3848 1277 3905 dis·

279 3948 454 4024 criptionem
482 3949 630 4021 quadrare
656 3949 772 4006 ridetur
799 3968 849 4013 ea,
875 3966 965 4022 quam
993 3967 1085 4024 supra
1099 3947 1278 4011 retulimus,

284 4045 441 4113 Welcltere‘
467 4046 600 4103 doctrina
627 4048 663 4104 de
684 4048 802 4104 feminis
821 4046 1009 4104 excludendis
1029 4065 1047 4103 a
1067 4044 1192 4122 publicis
1212 4063 1281 4102 mu·
