2934 4892
568 466 578 482 ,
680 375 701 440 9

194 542 302 647 'atque'
313 556 467 623 curabant
485 558 554 645 (l),
579 558 671 649 quod
688 559 944 648 antiquissimum
961 560 1079 627 dicitur
1094 561 1189 631 insti-

143 754 145 759 ,
201 710 326 778 tutum,
351 694 425 761 alibi
445 715 597 786 quoque,
619 709 658 759 ut
673 695 709 759 in
728 690 848 779 Sicilia,
870 713 1037 787 receptum
1055 699 1115 788 (2).

240 822 401 897 Nonnulla
418 828 550 895 omuino
568 828 603 893 in
610 829 720 912 hisce,
743 830 901 918 imprimis
909 830 944 897 in
951 832 1081 919 egregiis
1096 830 1192 899 femi-

199 985 314 1033 narum
340 964 577 1044 notationibus,
608 964 670 1052 ipsi
697 962 868 1028 tribuenda
893 973 1028 1054 poetae,
1057 980 1090 1031 ct
1106 968 1196 1034 haud·

200 1118 273 1164 raro
289 1098 441 1188 pristinae
458 1120 531 1181 erga
543 1094 674 1161 feminas
687 1096 858 1162 severitatis
870 1097 1078 1165 inueniuntur
1090 1123 1197 1168 exem·

202 1232 274 1324 pla:
308 1232 450 1299 absoluta
475 1254 601 1322 semper
618 1231 716 1323 patris
733 1233 769 1297 in
787 1231 887 1316 filias,
919 1237 1091 1326 praecipue
1106 1237 1142 1301 in
1157 1237 1196 1303 iis

201 1368 414 1451 collocandis,
443 1381 600 1458 potestas:
634 1363 787 1456 pellicum
803 1364 955 1458 frequens
971 1392 1068 1436 usus:
1096 1369 1196 1438 femi-

202 1528 278 1587 nae,
309 1504 392 1589 regis
410 1501 489 1569 adeo
505 1502 608 1585 filiae,
630 1503 666 1567 in
684 1502 870 1569 seruitutem
887 1503 1031 1571 redactae
1048 1521 1080 1572 et
1088 1530 1198 1576 rerum

203 1640 275 1705 loco
298 1640 423 1705 habitae
449 1640 517 1729 (3)=
551 1639 727 1705 tristissima
755 1638 926 1708 viduarum
944 1639 1104 1726 conditio,
1123 1644 1200 1735 quia

203 1797 263 1864 per
287 1775 417 1841 maritos
447 1770 578 1840 demum
607 1797 682 1841 cum
705 1775 831 1866 reliqua
855 1777 1004 1843 societate
1030 1777 1199 1843 cohaerere

204 1910 414 1993 videbantur,
435 1907 522 2000 quod
539 1910 658 1997 egregie
675 1909 725 1976 vel
741 1934 781 1976 ex
800 1908 1039 1978 Andromachae
1056 1909 1096 1978 ad
1109 1913 1197 1978 liec-

205 2064 308 2115 torem
322 2046 507 2132 intelligitur
525 2046 655 2136 querela
674 2050 734 2135 (4).
759 2049 802 2114 At
818 2070 896 2115 vero
911 2049 1057 2114 universe
1071 2048 1111 2115 ex
1123 2050 1198 2116 dic-

205 2175 265 2267 tis,
289 2186 325 2250 ni
341 2182 451 2266 fallor,
474 2183 547 2249 satis
563 2183 750 2274 apparebit,
773 2183 993 2251 conditionem
1010 2182 1200 2253 feminarum

208 2318 296 2422 apud
314 2321 489 2387 Homerum
516 2319 657 2388 multum
681 2323 748 2404 jam
763 2321 804 2385 ab
826 2343 958 2412 eaquae
975 2318 1202 2412 antiquissimis

205 2456 344 2523 obtinuit
362 2457 580 2548 temporibus,
602 2457 638 2521 in
655 2455 766 2523 melius
786 2458 882 2522 fuisse
899 2472 1055 2541 mutatam
1075 2459 1135 2545 (5).
1160 2484 1163 2495 >

250 2595 444 2684 Temporum
461 2593 527 2678 jam
541 2590 678 2657 decursu
695 2591 754 2656 ubi
768 2592 865 2677 magis
880 2594 1042 2685 magisque
1058 2618 1123 2660 sese
1139 2619 1201 2663 ex-

203 2729 320 2822 plicuit
337 2729 493 2795 variarum
510 2727 657 2796 tribuum
671 2727 756 2794 varia
772 2726 916 2812 indoleo,
937 2729 1095 2821 imprimis
1115 2733 1201 2800 inter

206 2855 358 2933 Doricum
374 2879 471 2952 atquc
488 2862 641 2929 lonicum
655 2864 767 2929 orbem
780 2863 815 2928 in
830 2862 1020 2933 feminarum
1037 2867 1200 2935 conditio-
1309 2874 1313 2879 ”

205 3024 247 3066 ne
271 3021 421 3085 maguum
435 3012 570 3089 apparet
586 2996 780 3082 discrimen,
814 3001 939 3090 quippe
956 3000 1006 3068 illi
1020 3000 1061 3066 ad
1078 3003 1199 3070 Roma-

207 3161 325 3207 norum
343 3137 471 3229 potius,
495 3136 530 3200 hi
549 3149 654 3203 autem
671 3134 712 3203 ad
725 3135 935 3202 Asiaticorum
952 3138 1049 3224 magis
1066 3137 1200 3204 accede-

208 3306 489 3324 m

212 3390 1201 3471 fmmmmmunammffimemu

107 3487 1199 3571 ,xmmmmmmmmmmmmm

209 3587 252 3662 (5)
282 3589 326 3647 cf.
354 3592 391 3648 de
416 3593 595 3650 feminarum
624 3595 705 3671 apud
730 3596 889 3652 Homerum
913 3597 1079 3655 conditione
1103 3596 1201 3665 lenz,

208 3686 310 3744 Gesch.
327 3688 380 3745 der
393 3691 513 3750 Weiber
525 3693 575 3749 des
587 3691 760 3750 beroischen
776 3694 939 3761 Zeitaltersa
959 3695 1013 3770 qui
1025 3704 1125 3753 tamen
1139 3717 1201 3754 mc·

205 3786 310 3844 liorem
330 3806 418 3862 quam
434 3809 535 3849 revera
554 3791 642 3848 fuisse
660 3792 793 3858 ridetur,
819 3813 883 3851 eam
901 3795 1047 3853 exhibuit:
1068 3795 1125 3854 Fr.
1145 3818 1202 3856 cmc

208 3885 348 3962 Scblagel
358 3926 365 3951 ‚
384 3886 520 3948 Simmtl.
540 3889 667 3957 werke,
686 3890 741 3956 IV,
763 3913 794 3969 p.
814 3893 850 3951 66
868 3913 932 3969 sqq.
952 3915 1009 3954 von
1026 3893 1201 3962 Bamdobm

206 3983 305 4042 Venus
333 3985 427 4044 Uran.
455 3987 517 4054 ΙΙΙ,
543 3989 575 4055 1,
603 4009 634 4066 p.
655 3989 756 4049 32-38.
775 3991 902 4059 Jacobs,
930 3994 1030 4054 Verm.
1058 3973 1219 4062 Schrifte,⁴

206 4082 260 4147 lv,
279 4083 334 4144 234
351 4103 415 4162 sqq.
441 4083 598 4163 Perpetua,
617 4090 764 4166 Antiquit.
781 4090 865 4152 Hom.
877 4107 908 4168 p.
921 4092 974 4153 104
991 4113 1045 4169 sqq
1069 4093 1199 4170 238sqq.
