2934 4892
724 341 784 409 llo

266 533 357 601 simis
375 530 437 600 illis
456 527 737 616 uestigatiunculis.
786 528 925 595 Tantum
940 527 1040 598 modo
1055 541 1094 594 ut
1109 526 1272 619 loqueba-⁶

269 681 348 752 tur,
386 680 426 734 ut
449 662 654 762 intuebatur!
685 677 768 754 quot
793 662 919 729 Sirenes
943 662 980 729 in
1005 660 1174 754 colloquiis
1197 664 1270 751 ejus

269 801 346 867 sitae
361 804 472 866 erunt!
504 797 607 882 Quam
621 818 698 864 vero
712 818 812 865 suave
824 810 858 862 st
870 797 1096 863 intemeratum
1110 795 1153 862 ab
1169 817 1269 862 oseu-

270 936 310 1003 lia
336 951 449 1007 nectar
471 935 622 1002 stillabat.
671 934 713 1001 ln
736 935 888 1016 summis,
918 948 956 999 ut
972 930 1056 999 mibi
1072 929 1271 1023 persuadeo,

266 1072 366 1140 labris
392 1073 464 1160 ejus
488 1067 574 1138 sedit
597 1068 721 1164 Suada.⁴
767 1069 884 1136 Totum
906 1066 961 1134 illa
980 1080 1104 1134 costum
1119 1067 1182 1134 sibi
1199 1068 1268 1132 cir-

269 1205 494 1289 cumdederat,
516 1228 594 1273 eum
608 1202 760 1270 omnibus
773 1202 871 1269 simul
886 1202 1001 1270 Gratiis
1017 1200 1175 1269 Venerem
1183 1222 1273 1274 eom·

268 1343 374 1434 plexa.
412 1343 621 1410 Evanuerunt
636 1340 707 1408 illae
723 1341 809 1407 inter
825 1336 1007 1432 potandum
1022 1336 1268 1406 cantillationesz

269 1493 303 1544 et
325 1476 379 1546 illa
406 1477 557 1544 ebumeis
573 1474 680 1562 digitis
694 1475 817 1568 pulsari
833 1473 925 1543 solita
941 1474 1011 1565 lyra
1025 1473 1167 1542 evanuit.
1206 1471 1268 1539 Ja-

254 1627 320 1680 ‘oet
338 1611 392 1682 illa
408 1610 719 1681 omnibusadamata
737 1612 873 1694 Gratiis,
904 1624 1014 1696 muta,
1043 1609 1155 1700 lapis,»
1166 1608 1267 1674 etoi-

195 1820 198 1824 7
268 1747 330 1814 nis.
373 1750 423 1814 Ac
448 1744 571 1833 Megara
585 1744 719 1836 quidem
736 1747 875 1814 immane
892 1759 1037 1836 scortum
1052 1743 1152 1828 vivit,
1165 1801 1173 1818 ,
1185 1763 1270 1835 quae

267 1880 463 1968 'lbeagenem
485 1882 530 1947 ita
555 1879 731 1947 crudeliter
757 1895 806 1947 est
827 1876 1039 1972 depraedata,
1069 1892 1109 1945 ut
1122 1900 1173 1946 »ex
1204 1891 1269 1947 tem

267 2012 446 2107 splendidis
467 2013 674 2084 facultatibus
689 2017 789 2083 miser
803 2015 857 2083 ille
872 1993 1001 2106 arrepti
1017 2012 1222 2104 chlamydula
1235 2027 1269 2079 et
1405 2061 1409 2064 -
1452 1967 1453 1974 i

265 2173 379 2241 pum
394 2152 509 2222 abierit
527 2150 722 2237 militatum3
747 2150 882 2221 Bacchis
897 2166 1020 2236 autem,
1042 2172 1126 2242 quae
1142 2165 1266 2217 amato·

264 2307 335 2364 rem
350 2285 522 2374 diligebat,
552 2303 681 2355 mortua
695 2293 765 2360 estt
783 2325 787 2332 ¹
817 2287 952 2354 levatus
970 2287 1121 2354 nonnihil
1137 2309 1211 2353 sum
1227 2310 1274 2352 a-a

263 2419 337 2513 pae
363 2436 395 2489 ts
422 2420 568 2490 lamentis
591 2422 719 2506 effuso,
749 2395 927 2515 rurayerea
953 2423 1123 2490 erasme.
1165 2423 1274 2490 ostes

265 2557 353 2625 sarim
378 2558 538 2649 quiddam
562 2559 646 2627 mibi
668 2558 799 2628 videtur
821 2557 862 2626 de
878 2560 932 2626 illa
947 2557 1041 2651 loqui
1055 2575 1088 2625 et
1104 2558 1264 2626 scriberet

265 2690 652 2784 nihilonimaliudquam
663 2692 845 2760 meminisse
855 2691 1020 2784 reliquum
1032 2708 1091 2760 est.
1103 2690 1265 2780 Vale.(l).

275 2899 279 2904 ,
306 2826 460 2894 Universe
475 2842 604 2911 autem,
628 2830 803 2919 quominus
816 2828 989 2915 magnifiee
1005 2827 1046 2896 de
1058 2828 1268 2895 Hetaerarum

267 2961 486 3038 existimemus
499 2961 664 3047 moribus,
688 2964 774 3031 varia
788 2960 914 3032 faciunt
929 2964 1036 3047 vitia,·
1047 2985 1131 3055 quae
1144 2963 1276 3053 impii-1

263 3096 325 3163 mis
353 3097 389 3163 in
412 3096 621 3187 Alciphronis
641 3098 793 3198 Epistolis
810 3116 844 3166 et
860 3099 993 3170 Lusiani
1008 3096 1140 3185 dialogis
1156 3120 1266 3165 mere-

262 3230 363 3296 triciis
389 3228 427 3297 iis
447 3230 673 3318 objiciuntur3
699 3256 781 3325 quae
800 3255 839 3300 eo
855 3233 953 3319 magis
972 3256 1047 3302 vera
1064 3256 1175 3304 earum
1190 3235 1280 3302 vitia.

262 3362 411 3434 habenda
425 3381 519 3448 sunt,
542 3388 610 3457 quo
625 3367 725 3455 magis
741 3390 782 3435 ex
798 3390 898 3438 novae
915 3368 1103 3436 Comoediae
1117 3371 1263 3436 auetori-

261 3498 324 3566 bus
350 3500 506 3600 pleraque
533 3503 651 3570 horum
676 3525 742 3569 esse
767 3499 934 3588 desumto,
965 3502 1039 3569 satis
1060 3518 1202 3586 constat,
1233 3518 1267 3568 et

260 3634 312 3710 vel
327 3660 390 3728 per
404 3660 459 3722 se,
481 3661 521 3704 ex
536 3639 608 3731 ipso
627 3640 719 3731 quod
736 3636 900 3706 ducebant
919 3639 1000 3705 vitae
1018 3633 1153 3724 genere,
1174 3637 1264 3724 ultro

242 3788 454 3862 sequuntur.
497 3771 653 3866 Pleraque
672 3775 889 3843 cainaeorum
905 3796 972 3840 non
989 3769 1068 3840 adeo
1088 3772 1266 3839 Athenien·

263 3919 552 3940 W

286 3952 343 4068 Ι(1)
362 3945 574 4070 AleiplrrsI,
603 3993 651 4054 38.
680 3995 727 4053 cf.
758 3995 803 4055 el.
833 4016 862 4053 υ.
890 3995 990 4053 bimo.
1020 3943 1184 4064 Broitwer,
1203 3994 1264 4055 Η.
1393 4037 1396 4043 ,

250 4115 282 4174 p.
300 4092 360 4160 207
374 4112 439 4171 sqq.
459 4105 488 4155 st
507 4094 642 4177 exemplu
661 4094 706 4154 ibi
725 4097 831 4156 citata:
850 4115 880 4174 p.
901 4093 957 4157 213
976 4113 1020 4171 sq.
