2934 4892
755 347 795 415 10

268 531 349 599 bant
378 530 545 598 rationem.
594 531 717 617 Magna
734 531 823 621 apud
849 532 918 600 ilios
944 493 1030 602 inter
1054 536 1265 631 innuptarum

266 663 446 757 puellarum
468 679 564 756 atque
591 679 812 732 matronarum
836 664 1056 739 conditionem
1077 671 1263 752 diversitas:

265 797 428 867 ilheeuim
435 767 529 888 longe
542 801 662 890 majore
671 820 769 892 quum
778 801 838 868 hae
846 804 1262 904 gaudebantlinerntess),

264 936 357 1022 ouius
372 935 469 1027 plane
487 935 685 1004 conuiuium
697 933 787 1027 apud
798 938 1007 1007 Athenienses
1018 941 1194 1012 obtinuisse
1202 947 1260 1014 in-

264 1069 313 1140 sta
327 1071 518 1142 videbimus.
557 1072 702 1161 Virgines
717 1088 847 1165 aperta,
868 1091 990 1168 nuptae
997 1092 1107 1167 autem
1114 1079 1262 1148 mulietes

263 1208 365 1277 velate
387 1209 468 1278 facie
492 1210 528 1278 in
552 1210 722 1303 publicum
749 1208 882 1302 prodire
904 1213 1065 1298 solebant,
1098 1215 1176 1305 quia
1190 1215 1261 1282 illae

263 1347 388 1437 (prouti
402 1344 532 1414 cuidam
546 1345 644 1434 hujus
657 1347 755 1413 moris
767 1369 893 1415 causam
905 1348 1084 1439 inquirenti
1093 1348 1262 1440 respondit

262 1480 422 1573 cherilus)
438 1483 567 1551 meritos
584 1483 803 1574 quaerebant,
825 1484 885 1550 hae
901 1506 977 1551 vero
993 1485 1058 1553 hoc
1073 1485 1169 1554 unice
1184 1501 1258 1552 stu-

262 1617 384 1688 debant
404 1632 443 1688 ut
467 1639 541 1689 suos
564 1636 728 1690 servarent
753 1622 814 1710 (2).
860 1621 1001 1708 Virgines
1018 1636 1145 1690 tuntum
1160 1596 1259 1712 gym-

262 1753 380 1822 nastica
395 1769 430 1822 et
443 1756 565 1824 musica
577 1755 828 1839 exercebantur,
847 1770 969 1847 nuptae
984 1755 1080 1822 unice
1092 1772 1142 1822 res
1160 1778 1258 1822 cura-

260 1890 342 1958 nent
360 1889 548 1959 domesticas
564 1894 633 1981 (3)a
660 1891 771 1960 libera
776 1891 956 1983 puellarum
973 1915 1049 1959 cum
1064 1890 1257 1977 juvenibus,

259 2027 418 2119 imprimis
428 2028 465 2094 in
480 2028 586 2095 e'horis
602 2041 636 2094 et
651 2024 758 2110 festis,
777 2025 977 2095 consuetudo
988 2028 1057 2117 (1),
1076 2026 1128 2092 cui
1141 2025 1189 2091 rei
1199 2026 1256 2091 in-

261 2164 352 2231 videt
374 2164 580 2255 Propertius,
612 2164 728 2231 similes
737 2165 887 2231 Romanis
904 2178 1059 2255 exoptans
1075 2178 1179 2230 mores
1193 2164 1255 2249 (5).

179 2298 183 2305 ⁴
235 2392 237 2397 Ι
259 2299 301 2368 In
323 2299 550 2368 certaminibus
575 2322 676 2392 porro
691 2322 759 2370 non
776 2300 880 2368 solum
896 2302 1048 2390 Spartae,
1071 2296 1127 2366 scd
1145 2296 1254 2389 pluri-

258 2437 322 2505 bus
341 2455 503 2529 praeterea
519 2439 556 2519 in
572 2439 651 2506 orh'e
667 2438 786 2506 Dorico
800 2438 879 2504 locis
897 2437 1033 2524 virgines
1051 2433 1255 2526 spectabant,

258 2574 380 2641 etiamsi
402 2589 524 2667 nuptae
543 2574 692 2642 mulieres
708 2573 831 2640 acerbis
847 2570 1092 2639 excluderenter
1107 2569 1251 2656 legibus,

258 2726 298 2777 ut
320 2710 508 2802 Olympiae,
537 2710 595 2776 ubi
617 2710 678 2777 snb
704 2710 817 2778 mortis
840 2718 944 2798 poene
961 2719 1138 2799 nuptarum
1153 2723 1252 2793 prae·

258 2849 357 2915 sentia
372 2861 440 2915 erat
455 2849 550 2916 vetita
571 2847 632 2936 (6).
843 2818 846 2830 Ι

435 3036 437 3039 ,
629 3032 632 3037 ,

291 3172 337 3248 (1)
355 3169 412 3232 Vel
431 3170 472 3228 sie
489 3177 591 3227 tumen
606 3177 635 3227 et
650 3176 761 3245 nuptae
776 3167 914 3227 mulieres
931 3165 1149 3225 Lacedaemona
1161 3162 1254 3240 magis

254 3291 345 3348 quam
372 3270 494 3329 Athenis
521 3268 657 3347 publicae
681 3269 758 3328 ritae
786 3277 871 3326 eraut
888 3267 1055 3345 participes.
1076 3264 1144 3326 vid.
1163 3263 1251 3321 Petet.

255 3373 332 3449 1,)ο.λ
354 3370 392 3429 26
409 3370 463 3429 fin.
484 3369 601 3427 Herod.
621 3367 680 3433 VI,
706 3365 753 3426 58.
773 3367 891 3425 Athen.
912 3364 995 3430 XIV,
1011 3365 1057 3422 30.
1096 3361 1141 3437 (2)
1162 3363 1251 3421 Plnt.

255 3473 325 3531 Lac.
354 3471 501 3548 Apophth.
526 3490 557 3546 p.
583 3468 649 3529 235.
675 3468 775 3525 Reisk.
820 3467 865 3542 (3)
893 3466 987 3524 Plato
1010 3465 1047 3521 de
1066 3463 1158 3540 Legg.
1177 3462 1253 3531 VII,

235 3577 241 3591 ”
255 3594 286 3651 p.
304 3571 371 3632 805.
408 3569 453 3643 (lt)
479 3571 597 3646 Eurip.
626 3570 768 3628 Androm.
795 3589 837 3630 rs.
865 3568 922 3628 596
946 3587 1010 3644 sqq.
1037 3569 1126 3627 reu.
1153 3568 1251 3626 Instit.

254 3672 363 3732 Lacon.
390 3689 421 3747 p.
444 3668 515 3729 254.
543 3669 632 3746 Apud
653 3669 785 3727 ¹Arcades
812 3670 891 3726 idem
917 3668 1077 3726 obtinuisse
1104 3667 1185 3724 testis
1211 3675 1254 3724 est

256 3772 363 3847 Polyb.
379 3770 435 3836 lv,
452 3769 498 3830 21.
517 3769 561 3844 (5)
579 3769 726 3849 Pauperi.
745 3769 811 3837 111,
832 3769 876 3828 12.
896 3769 940 3843 (6)
959 3767 1099 3827 Pansae.
1112 3766 1155 3832 V.
1173 3766 1208 3831 6,
1222 3765 1251 3824 5.

256 3870 346 3932 Plut.
358 3870 444 3930 Thes.
454 3870 499 3930 19.
518 3871 667 3931 Valcken.
685 3869 725 3927 ad
741 3869 866 3928 Theocr.
881 3868 976 3927 Adon.
991 3889 1023 3945 p.
1035 3867 1098 3927 196.
1109 3866 1252 3926 0111Ιὲ11-

251 3976 302 4033 :ler
327 3971 375 4029 die
401 3969 516 4028 Boricr.
545 3967 593 4035 11.
617 3988 650 4046 p.
672 3967 737 4027 262.
766 3968 811 4026 01.
839 3987 867 4026 r.
889 3967 987 4025 Ltmb.
1009 3964 1170 4025 Brottwcr.
1187 3964 1209 4022 1.
1227 3964 1250 4021 l.

256 4071 304 4147 1.(
312 4070 366 4134 lv.
385 4092 415 4148 p.
438 4067 501 4129 132.
524 4096 566 4114 -
586 4067 628 4127 De
648 4067 857 4127 certaminibus
871 4066 961 4127 uariis
976 4066 1112 4126 Graeciae
1125 4063 1194 4121 locis
1203 4063 1252 4121 iu-
